3850 4948
266 567 272 578 .
336 495 406 572 ros
669 441 1036 568 nmmutrsmcu:
1066 483 1336 566 cnuorxn.

320 667 410 746 lites
438 657 571 743 catam
593 663 769 743 hostilem
794 665 921 764 66049
953 666 1198 742 florenorum
1232 661 1489 762 intercipiunt
1519 688 1531 767 3
1566 665 1667 746 hanc
1742 655 1749 664 ’

322 769 506 846 summam
527 767 579 844 ita
597 765 701 842 inter
720 765 759 845 se
773 765 1019 866 partiuntur,
1047 777 1089 842 ut
1105 761 1262 864 singulis
1283 763 1507 866 quibusque
1525 783 1585 845 tot
1595 769 1666 844 flo-

323 870 412 948 reni
438 866 675 967 obtingant,
714 881 813 968 quot
827 887 1004 943 numero
1039 864 1128 942 sunt
1164 863 1305 942 milites
1352 863 1663 964 intercipientes.

364 971 565 1049 nutritur:
623 982 782 1045 uotnam
796 991 938 1046 revera
954 965 1095 1046 milites
1111 963 1284 1064 fuerint,
1319 963 1358 1043 dt
1379 967 1478 1067 quot¹
1492 967 1674 1047 florenos

324 1094 355 1162 o.
378 1069 569 1151 timuerint
591 991 729 1170 idnguli
749 1073 921 1148 eorum?

424 1235 490 1348 Ex¹
505 1269 650 1348 summa
667 1271 794 1372 66049
809 1271 906 1347 radix
921 1269 1080 1374 quadrata
1108 1267 1331 1346 extrahatur
1354 1267 1409 1365 (6.
1433 1271 1543 1372 147.)
1576 1271 1666 1351 haec

323 1369 398 1462 erit
413 1390 502 1470 257.
556 1371 765 1472 Totigitur
781 1369 924 1451 milites
938 1367 1233 1471 intercipientes
1256 1366 1499 1470 extiterunt,
1526 1385 1669 1476 totque

319 1474 565 1552 florenorum
581 1472 714 1572 portio
733 1487 816 1553 erat
835 1469 1089 1575 singulorum.

424 1676 523 1752 Nam
549 1697 738 1754 numerus
761 1675 1020 1790 quicunque,
1046 1673 1087 1751 in
1106 1673 1144 1750 se
1167 1671 1291 1774 ipsum
1309 1669 1486 1768 dubus,
1530 1673 1671 1752 conili-¹

321 1773 400 1851 tuit
433 1805 597 1852 numerum
624 1779 825 1882 quadratum.
885 1773 1067 1874 Igrturss
1101 1771 1357 1876 totillorenos
1382 1769 1470 1872 quis
1501 1795 1554 1852 ue
1573 1774 1671 1852 mili-

322 1887 408 1950 tum
423 1873 626 1976 percepit,
655 1893 756 1978 quot
781 1897 949 1956 numero
973 1875 1138 1952 fuerunt
1159 1871 1330 1969 milites,
1365 1797 1576 1951 necedario
1605 1873 1672 1953 de-

323 1971 410 2052 buit
430 1989 620 2054 numeru's
639 1976 839 2079 militum,
867 1975 907 2052 in
924 1995 1133 2052 numerum
1153 1991 1436 2073 perceptorum
1464 1996 1484 2049 a
1512 1973 1669 2074 singulis

275 2169 281 2176 ι
318 2079 569 2154 ¹florenorum
595 2076 721 2178 duci,
756 2093 803 2156 ut
818 2075 1024 2179 proveniat
1039 2103 1187 2154 numerus
1204 2077 1396 2178 quadratus:
1426 2069 1491 2152 sed
1507 2075 1604 2151 radix
1613 2077 1672 2152 niss.

324 2174 378 2252 hil
398 2173 503 2255 aliud
527 2177 602 2276 est,
639 2201 757 2280 quam
773 2199 965 2258 numerus
984 2177 1083 2276 ille,
1121 2171 1190 2274 qui
1219 2181 1260 2252 ln
1286 2172 1448 2271 seipsum
1476 2174 1666 2256 duciture'

327 2299 424 2378 ergo
443 2277 509 2355 hic
525 2301 598 2376 per
615 2283 836 2358 amantum
855 2279 909 2378 (6.
930 2281 1198 2454 147?erutus
1222 2297 1432 2352 numerum
1451 2274 1665 2378 exhibebit,

328 2377 367 2454 dt
395 2377 590 2478 militum,
626 2379 665 2456 &
687 2383 979 2459 florenoruma
1027 2373 1167 2480 iugulis
1191 2389 1487 2476 perceptorum.
1546 2380 1672 2458 Proba·

331 2475 1015 2582 quippefit257x257266049.

714 2799 1172 2898 PROPOSITIO
1231 2804 1308 2895 Ill.

328 3027 366 3125 6.
386 3038 474 3126 153.
503 3023 692 3204 Rtlclitecg
720 3027 857 3107 cultram
883 3052 936 3112 ex
974 3024 1065 3105 dato
1090 3041 1258 3105 numero
1285 3023 1524 3126 14706125
1548 3040 1677 3106 extro-

432 3325 465 3401 1.
495 3325 536 3402 A
557 3323 706 3404 dextris
720 3323 948 3427 incipiendo
969 3345 1103 3408 ternos
1121 3351 1305 3430 quosque
1321 3351 1508 3406 numeros
1528 3327 1673 3428 punito
1704 3311 1707 3316 ¹

331 3423 576 3504 intercalabis
597 3479 611 3527 ,
648 3449 744 3539 quae
759 3425 904 3525 punita
919 3444 978 3508 tot
996 3445 1113 3508 erunt
1130 3431 1300 3506 membra
1317 3429 1468 3508 futurae
1486 3431 1600 3506 radicis
1619 3457 1674 3504 cu-

332 3525 435 3703 bicab,
461 3541 562 3628 quot
577 3524 737 3606 ordines
761 3549 1020 3611 numerorum
1042 3525 1240 3609 beneficio
1265 3527 1569 3612 intercalationis
1594 3529 1676 3610 for-

331 3640 392 3702 mll
422 3642 559 3706 untur.

435 3825 490 3905 IL
526 3825 586 3903 Ex
612 3823 725 3928 primi
753 3824 902 3907 ordinis
927 3828 1107 3910 finistimo
1138 3851 1339 3935 numero,
1384 3855 1525 3946 nempe
1550 3857 1600 3911 ex
1630 3857 1678 3928 14
1734 3835 1738 3842 '

344 3925 486 4024 ql'laele
505 3929 642 4004 radicem
673 3927 808 4014 cubicum
825 3925 865 4004 in
883 3933 1019 4012 tabella
1035 3931 1090 4031 (6.
1105 3937 1215 4036 Ι45.)
1242 3959 1383 4037 nempe
1415 3959 1469 4035 23
1505 3934 1625 4037 igitur
1653 3960 1678 4020 2

346 4024 433 4125 post
451 4046 658 4109 numerum
677 4025 933 4112 dividendum
951 4047 1209 4137 apponantur.
1242 4083 1245 4092 ι

1550 4289 1626 4369 ΠΙ.
