<?xml version="1.0" encoding="UTF-8"?>
<!DOCTYPE html PUBLIC "-//W3C//DTD XHTML 1.0 Transitional//EN"
    "http://www.w3.org/TR/xhtml1/DTD/xhtml1-transitional.dtd">
<html xmlns="http://www.w3.org/1999/xhtml" xml:lang="en" lang="en">
 <head>
  <title>
</title>
<meta http-equiv="Content-Type" content="text/html;charset=utf-8" />
  <meta name='ocr-system' content='tesseract 3.04.00' />
  <meta name='ocr-capabilities' content='ocr_page ocr_carea ocr_par ocr_line ocrx_word'/>
</head>
<body>
  <div class='ocr_page' id='page_1' title='image "./florianidalhami01dalhgoog_0178.png"; bbox 0 0 3850 4948; ppageno 0'>
   <div class='ocr_carea' id='block_1_1' title="bbox 361 488 1309 570">
    <p class='ocr_par' dir='ltr' id='par_1_1' title="bbox 361 488 1309 570">
     <span class='ocr_line' id='line_1_1' title="bbox 361 488 1309 570; baseline 0.007 -12"><span class='ocrx_word' id='word_1_1' title='bbox 361 493 423 570; x_wconf 73' lang='lat'>164</span> <span class='ocrx_word' id='word_1_2' title='bbox 717 489 1030 562; x_wconf 81' lang='lat' dir='ltr'>GEOMETRIAE</span> <span class='ocrx_word' id='word_1_3' title='bbox 1047 488 1224 560; x_wconf 29' lang='lat' dir='ltr'><strong>‘CAPUT</strong></span> <span class='ocrx_word' id='word_1_4' title='bbox 1263 491 1309 568; x_wconf 90' lang='lat' dir='ltr'>V.</span> 
     </span>
    </p>
   </div>
   <div class='ocr_carea' id='block_1_2' title="bbox 320 649 1676 888">
    <p class='ocr_par' dir='ltr' id='par_1_2' title="bbox 320 649 1676 888">
     <span class='ocr_line' id='line_1_2' title="bbox 321 649 1676 768; baseline 0.011 -38"><span class='ocrx_word' id='word_1_5' title='bbox 321 649 483 768; x_wconf 77' lang='lat' dir='ltr'>cuspide</span> <span class='ocrx_word' id='word_1_6' title='bbox 502 659 633 738; x_wconf 83' lang='lat' dir='ltr'>ferrea</span> <span class='ocrx_word' id='word_1_7' title='bbox 658 662 859 740; x_wconf 88' lang='lat' dir='ltr'>interram</span> <span class='ocrx_word' id='word_1_8' title='bbox 888 657 1034 764; x_wconf 75' lang='lat' dir='ltr'>defigi,</span> <span class='ocrx_word' id='word_1_9' title='bbox 1060 674 1108 740; x_wconf 92' lang='lat' dir='ltr'>ut</span> <span class='ocrx_word' id='word_1_10' title='bbox 1133 661 1278 760; x_wconf 86' lang='lat' dir='ltr'>nempe</span> <span class='ocrx_word' id='word_1_11' title='bbox 1308 683 1383 760; x_wconf 93' lang='lat' dir='ltr'>pro</span> <span class='ocrx_word' id='word_1_12' title='bbox 1407 660 1676 765; x_wconf 81' lang='lat' dir='ltr'><strong>magnitudine</strong></span> 
     </span>
     <span class='ocr_line' id='line_1_3' title="bbox 320 761 1338 888; baseline 0 -48"><span class='ocrx_word' id='word_1_13' title='bbox 320 763 430 854; x_wconf 86' lang='lat' dir='ltr'>spatn</span> <span class='ocrx_word' id='word_1_14' title='bbox 446 765 541 842; x_wconf 87' lang='lat' dir='ltr'>AM</span> <span class='ocrx_word' id='word_1_15' title='bbox 557 761 724 844; x_wconf 85' lang='lat' dir='ltr'>altitudo</span> <span class='ocrx_word' id='word_1_16' title='bbox 740 763 886 842; x_wconf 89' lang='lat' dir='ltr'>montis</span> <span class='ocrx_word' id='word_1_17' title='bbox 906 767 980 842; x_wconf 88' lang='lat' dir='ltr'>ST</span> <span class='ocrx_word' id='word_1_18' title='bbox 1003 763 1338 888; x_wconf 71' lang='lat' dir='ltr'><strong>deprehendatur.</strong></span> 
     </span>
    </p>
   </div>
   <div class='ocr_carea' id='block_1_3' title="bbox 320 915 1677 1098">
    <p class='ocr_par' dir='ltr' id='par_1_3' title="bbox 320 915 1677 1098">
     <span class='ocr_line' id='line_1_4' title="bbox 320 915 1677 1098; baseline -0.014 -88"><span class='ocrx_word' id='word_1_19' title='bbox 320 915 353 1014; x_wconf 56' lang='lat' dir='ltr'>iv</span> <span class='ocrx_word' id='word_1_20' title='bbox 367 939 455 1009; x_wconf 87' lang='lat'><strong>140·</strong></span> <span class='ocrx_word' id='word_1_21' title='bbox 486 921 626 1098; x_wconf 88' lang='lat' dir='ltr'>HUc</span> <span class='ocrx_word' id='word_1_22' title='bbox 640 946 806 1024; x_wconf 89' lang='lat' dir='ltr'>quoque</span> <span class='ocrx_word' id='word_1_23' title='bbox 824 920 998 1025; x_wconf 85' lang='lat' dir='ltr'>pertinet</span> <span class='ocrx_word' id='word_1_24' title='bbox 1011 930 1321 1002; x_wconf 79' lang='lat' dir='ltr'>commemorare</span> <span class='ocrx_word' id='word_1_25' title='bbox 1339 926 1574 1000; x_wconf 76' lang='lat' dir='ltr'>Niveltartonem</span> <span class='ocrx_word' id='word_1_26' title='bbox 1586 925 1677 1006; x_wconf 80' lang='lat' dir='ltr'>vul.</span> 
     </span>
    </p>
   </div>
   <div class='ocr_carea' id='block_1_4' title="bbox 325 1013 1677 1306">
    <p class='ocr_par' dir='ltr' id='par_1_4' title="bbox 325 1013 1677 1306">
     <span class='ocr_line' id='line_1_5' title="bbox 589 1013 1677 1129; baseline 0.006 -29"><span class='ocrx_word' id='word_1_27' title='bbox 589 1045 639 1123; x_wconf 90' lang='lat' dir='ltr'>go</span> <span class='ocrx_word' id='word_1_28' title='bbox 670 1013 1027 1124; x_wconf 55' lang='lat' dir='ltr'>fflnffnswdptns</span> <span class='ocrx_word' id='word_1_29' title='bbox 1060 1047 1155 1129; x_wconf 85' lang='lat' dir='ltr'>quae</span> <span class='ocrx_word' id='word_1_30' title='bbox 1182 1049 1242 1103; x_wconf 87' lang='lat' dir='ltr'>ars</span> <span class='ocrx_word' id='word_1_31' title='bbox 1270 1021 1325 1102; x_wconf 88' lang='lat' dir='ltr'>est</span> <span class='ocrx_word' id='word_1_32' title='bbox 1359 1022 1677 1109; x_wconf 75' lang='lat' dir='ltr'>determinandis</span> 
     </span>
     <span class='ocr_line' id='line_1_6' title="bbox 325 1123 1676 1306; baseline 0.005 -109"><span class='ocrx_word' id='word_1_33' title='bbox 325 1135 564 1222; x_wconf 88' lang='lat' dir='ltr'>quantonam</span> <span class='ocrx_word' id='word_1_34' title='bbox 598 1123 820 1206; x_wconf 84' lang='lat' dir='ltr'>discrimine</span> <span class='ocrx_word' id='word_1_35' title='bbox 851 1149 968 1228; x_wconf 82' lang='lat' dir='ltr'>aquae</span> <span class='ocrx_word' id='word_1_36' title='bbox 999 1127 1167 1207; x_wconf 88' lang='lat' dir='ltr'>fluentes</span> <span class='ocrx_word' id='word_1_37' title='bbox 1198 1151 1271 1306; x_wconf 71' lang='lat' dir='ltr'>per</span> <span class='ocrx_word' id='word_1_38' title='bbox 1302 1123 1456 1202; x_wconf 87' lang='lat' dir='ltr'>diversa</span> <span class='ocrx_word' id='word_1_39' title='bbox 1480 1128 1676 1206; x_wconf 87' lang='lat' dir='ltr'>continuo</span> 
     </span>
    </p>
   </div>
   <div class='ocr_carea' id='block_1_5' title="bbox 323 1223 1672 1532">
    <p class='ocr_par' dir='ltr' id='par_1_5' title="bbox 323 1223 1672 1532">
     <span class='ocr_line' id='line_1_7' title="bbox 323 1223 1672 1405; baseline 0.005 -104"><span class='ocrx_word' id='word_1_40' title='bbox 323 1223 526 1405; x_wconf 44' lang='lat' dir='ltr'>tsepriporia·</span> <span class='ocrx_word' id='word_1_41' title='bbox 550 1229 626 1328; x_wconf 84' lang='lat' dir='ltr'>jam</span> <span class='ocrx_word' id='word_1_42' title='bbox 651 1241 774 1308; x_wconf 85' lang='lat' dir='ltr'>terrae</span> <span class='ocrx_word' id='word_1_43' title='bbox 800 1244 946 1350; x_wconf 86' lang='lat' dir='ltr'>centro·</span> <span class='ocrx_word' id='word_1_44' title='bbox 964 1229 1172 1332; x_wconf 86' lang='lat' dir='ltr'>propiores</span> <span class='ocrx_word' id='word_1_45' title='bbox 1213 1243 1296 1326; x_wconf 80' lang='lat' dir='ltr'>nrt,</span> <span class='ocrx_word' id='word_1_46' title='bbox 1320 1227 1397 1326; x_wconf 85' lang='lat' dir='ltr'>jam</span> <span class='ocrx_word' id='word_1_47' title='bbox 1421 1229 1672 1309; x_wconf 87' lang='lat' dir='ltr'>remotiores.</span> 
     </span>
     <span class='ocr_line' id='line_1_8' title="bbox 354 1349 1368 1532; baseline -0.003 -6"><span class='ocrx_word' id='word_1_48' title='bbox 354 1349 545 1431; x_wconf 73' lang='lat' dir='ltr'>rsaque</span> <span class='ocrx_word' id='word_1_49' title='bbox 645 1431 1176 1527; x_wconf 85' lang='lat' dir='ltr'><strong>PROPOSITIO</strong></span> <span class='ocrx_word' id='word_1_50' title='bbox 1232 1433 1368 1532; x_wconf 75' lang='lat' dir='ltr'>Vlll.</span> 
     </span>
    </p>
   </div>
   <div class='ocr_carea' id='block_1_6' title="bbox 155 1569 1687 2894">
    <p class='ocr_par' dir='ltr' id='par_1_6' title="bbox 231 1569 991 1709">
     <span class='ocr_line' id='line_1_9' title="bbox 231 1569 991 1709; baseline 0.005 -59"><span class='ocrx_word' id='word_1_51' title='bbox 231 1624 232 1634; x_wconf 55' lang='lat'>.</span> <span class='ocrx_word' id='word_1_52' title='bbox 326 1569 360 1670; x_wconf 85' lang='lat'>§.</span> <span class='ocrx_word' id='word_1_53' title='bbox 377 1593 464 1664; x_wconf 83' lang='lat'>141.</span> <span class='ocrx_word' id='word_1_54' title='bbox 491 1571 684 1709; x_wconf 69' lang='lat' dir='ltr'>Fluvium</span> <span class='ocrx_word' id='word_1_55' title='bbox 719 1579 805 1652; x_wconf 81' lang='lat' dir='ltr'>AB</span> <span class='ocrx_word' id='word_1_56' title='bbox 838 1579 991 1654; x_wconf 75' lang='lat' dir='ltr'>niveum.</span> 
     </span>
    </p>

    <p class='ocr_par' dir='ltr' id='par_1_7' title="bbox 155 1671 1687 2794">
     <span class='ocr_line' id='line_1_10' title="bbox 157 1671 1680 1777; baseline 0.001 -26"><span class='ocrx_word' id='word_1_57' title='bbox 157 1674 233 1753; x_wconf 67' lang='grc' dir='ltr'>Ταῦ.</span> <span class='ocrx_word' id='word_1_58' title='bbox 253 1681 311 1759; x_wconf 80' lang='lat' dir='ltr'>lV.</span> <span class='ocrx_word' id='word_1_59' title='bbox 644 1674 872 1754; x_wconf 84' lang='lat' dir='ltr'>Assumatur</span> <span class='ocrx_word' id='word_1_60' title='bbox 890 1674 1019 1755; x_wconf 89' lang='lat' dir='ltr'>libella</span> <span class='ocrx_word' id='word_1_61' title='bbox 1037 1677 1158 1777; x_wconf 82' lang='lat' dir='ltr'>vulgo</span> <span class='ocrx_word' id='word_1_62' title='bbox 1176 1671 1465 1775; x_wconf 59' lang='lat' dir='ltr'>§Boffttoiissdgt</span> <span class='ocrx_word' id='word_1_63' title='bbox 1495 1676 1552 1775; x_wconf 83' lang='lat' dir='ltr'>C,</span> <span class='ocrx_word' id='word_1_64' title='bbox 1572 1674 1680 1756; x_wconf 87' lang='lat' dir='ltr'>haec·</span> 
     </span>
     <span class='ocr_line' id='line_1_11' title="bbox 155 1774 1678 1984; baseline 0.002 -28"><span class='ocrx_word' id='word_1_65' title='bbox 155 1783 221 1885; x_wconf 61' lang='lat'>¹²³³·</span> <span class='ocrx_word' id='word_1_66' title='bbox 253 1797 311 1884; x_wconf 77' lang='lat'>⁷⁸·</span> <span class='ocrx_word' id='word_1_67' title='bbox 331 1775 689 1956; x_wconf 61' lang='lat' dir='ltr'>stiltlplsnlt</span> <span class='ocrx_word' id='word_1_68' title='bbox 707 1775 1328 1979; x_wconf 56' lang='lat' dir='ltr'>lt‘lttptltdttlstlllttu‘</span> <span class='ocrx_word' id='word_1_69' title='bbox 1344 1774 1678 1984; x_wconf 61' lang='lat' dir='ltr'>ltltl‘tlltlt</span> 
     </span>
     <span class='ocr_line' id='line_1_12' title="bbox 331 1975 1681 2083; baseline 0 -22"><span class='ocrx_word' id='word_1_70' title='bbox 331 1983 427 2061; x_wconf 89' lang='lat' dir='ltr'>riam</span> <span class='ocrx_word' id='word_1_71' title='bbox 445 1977 658 2058; x_wconf 83' lang='lat' dir='ltr'>distantiam</span> <span class='ocrx_word' id='word_1_72' title='bbox 672 2005 714 2058; x_wconf 90' lang='lat' dir='ltr'>v.</span> <span class='ocrx_word' id='word_1_73' title='bbox 725 2005 766 2083; x_wconf 85' lang='lat' dir='ltr'>g.</span> <span class='ocrx_word' id='word_1_74' title='bbox 784 1980 827 2058; x_wconf 89' lang='lat' dir='ltr'>in</span> <span class='ocrx_word' id='word_1_75' title='bbox 848 1983 891 2062; x_wconf 93' lang='lat' dir='ltr'>D</span> <span class='ocrx_word' id='word_1_76' title='bbox 918 1983 1038 2060; x_wconf 88' lang='lat' dir='ltr'>altera</span> <span class='ocrx_word' id='word_1_77' title='bbox 1050 1975 1202 2082; x_wconf 86' lang='lat' dir='ltr'>pertica</span> <span class='ocrx_word' id='word_1_78' title='bbox 1220 1978 1556 2080; x_wconf 81' lang='lat' dir='ltr'>perpendicularis</span> <span class='ocrx_word' id='word_1_79' title='bbox 1584 2003 1681 2062; x_wconf 92' lang='lat' dir='ltr'>con·</span> 
     </span>
     <span class='ocr_line' id='line_1_13' title="bbox 330 2079 1679 2184; baseline 0.001 -22"><span class='ocrx_word' id='word_1_80' title='bbox 330 2083 544 2184; x_wconf 78' lang='lat' dir='ltr'>stituatur,</span> <span class='ocrx_word' id='word_1_81' title='bbox 572 2081 639 2159; x_wconf 87' lang='lat' dir='ltr'>cui</span> <span class='ocrx_word' id='word_1_82' title='bbox 658 2083 827 2182; x_wconf 85' lang='lat' dir='ltr'>superne</span> <span class='ocrx_word' id='word_1_83' title='bbox 843 2083 886 2160; x_wconf 90' lang='lat' dir='ltr'>in</span> <span class='ocrx_word' id='word_1_84' title='bbox 908 2085 944 2161; x_wconf 87' lang='lat' dir='ltr'>E</span> <span class='ocrx_word' id='word_1_85' title='bbox 961 2086 1124 2162; x_wconf 89' lang='lat' dir='ltr'>affixum</span> <span class='ocrx_word' id='word_1_86' title='bbox 1141 2082 1187 2161; x_wconf 85' lang='lat' dir='ltr'>srt</span> <span class='ocrx_word' id='word_1_87' title='bbox 1208 2084 1338 2162; x_wconf 88' lang='lat' dir='ltr'>album</span> <span class='ocrx_word' id='word_1_88' title='bbox 1358 2079 1499 2159; x_wconf 84' lang='lat' dir='ltr'>solium</span> <span class='ocrx_word' id='word_1_89' title='bbox 1515 2083 1679 2183; x_wconf 83' lang='lat' dir='ltr'>chartae,</span> 
     </span>
     <span class='ocr_line' id='line_1_14' title="bbox 329 2181 1685 2287; baseline -0.001 -21"><span class='ocrx_word' id='word_1_90' title='bbox 329 2185 595 2283; x_wconf 56' lang='lat' dir='ltr'>&amp;deorsum³</span> <span class='ocrx_word' id='word_1_91' title='bbox 630 2183 669 2262; x_wconf 75' lang='lat' dir='ltr'>ds</span> <span class='ocrx_word' id='word_1_92' title='bbox 695 2185 843 2262; x_wconf 89' lang='lat' dir='ltr'>sursum</span> <span class='ocrx_word' id='word_1_93' title='bbox 868 2185 1029 2265; x_wconf 89' lang='lat' dir='ltr'>mobile.</span> <span class='ocrx_word' id='word_1_94' title='bbox 1080 2187 1223 2286; x_wconf 85' lang='lat' dir='ltr'>Itaque</span> <span class='ocrx_word' id='word_1_95' title='bbox 1242 2183 1311 2263; x_wconf 91' lang='lat' dir='ltr'>ubi</span> <span class='ocrx_word' id='word_1_96' title='bbox 1337 2181 1377 2259; x_wconf 92' lang='lat' dir='ltr'>in</span> <span class='ocrx_word' id='word_1_97' title='bbox 1401 2181 1529 2262; x_wconf 88' lang='lat' dir='ltr'>libella</span> <span class='ocrx_word' id='word_1_98' title='bbox 1554 2187 1685 2287; x_wconf 87' lang='lat' dir='ltr'>Cper</span> 
     </span>
     <span class='ocr_line' id='line_1_15' title="bbox 330 2281 1685 2390; baseline 0.001 -26"><span class='ocrx_word' id='word_1_99' title='bbox 330 2282 503 2389; x_wconf 85' lang='lat' dir='ltr'>diop&#39;tras</span> <span class='ocrx_word' id='word_1_100' title='bbox 529 2285 666 2364; x_wconf 87' lang='lat' dir='ltr'>versus</span> <span class='ocrx_word' id='word_1_101' title='bbox 690 2285 854 2388; x_wconf 83' lang='lat' dir='ltr'>D&#39;pros</span> <span class='ocrx_word' id='word_1_102' title='bbox 876 2289 1030 2388; x_wconf 80' lang='lat' dir='ltr'>exeris,</span> <span class='ocrx_word' id='word_1_103' title='bbox 1058 2304 1177 2390; x_wconf 86' lang='lat' dir='ltr'>atque</span> <span class='ocrx_word' id='word_1_104' title='bbox 1207 2281 1463 2364; x_wconf 85' lang='lat' dir='ltr'>summitatem</span> <span class='ocrx_word' id='word_1_105' title='bbox 1492 2285 1568 2364; x_wconf 90' lang='lat' dir='ltr'>albi</span> <span class='ocrx_word' id='word_1_106' title='bbox 1580 2287 1685 2366; x_wconf 69' lang='lat' dir='ltr'>dolii</span> 
     </span>
     <span class='ocr_line' id='line_1_16' title="bbox 325 2313 1687 2490; baseline 0.001 -24"><span class='ocrx_word' id='word_1_107' title='bbox 325 2391 360 2466; x_wconf 85' lang='lat' dir='ltr'>E</span> <span class='ocrx_word' id='word_1_108' title='bbox 380 2387 713 2490; x_wconf 52' lang='lat' dir='ltr'>deprehenderim</span> <span class='ocrx_word' id='word_1_109' title='bbox 741 2313 895 2466; x_wconf 73' lang='lat' dir='ltr'>subfide</span> <span class='ocrx_word' id='word_1_110' title='bbox 918 2415 932 2489; x_wconf 78' lang='lat'><em>3</em></span> <span class='ocrx_word' id='word_1_111' title='bbox 958 2389 1137 2467; x_wconf 88' lang='lat' dir='ltr'>mensura</span> <span class='ocrx_word' id='word_1_112' title='bbox 1153 2385 1398 2467; x_wconf 82' lang='lat' dir='ltr'>altitudinem</span> <span class='ocrx_word' id='word_1_113' title='bbox 1422 2391 1529 2487; x_wconf 79' lang='lat' dir='ltr'>AC,</span> <span class='ocrx_word' id='word_1_114' title='bbox 1559 2388 1620 2466; x_wconf 88' lang='lat' dir='ltr'>uti</span> <span class='ocrx_word' id='word_1_115' title='bbox 1647 2389 1687 2468; x_wconf 75' lang='lat' dir='ltr'>dt</span> 
     </span>
     <span class='ocr_line' id='line_1_17' title="bbox 170 2487 1687 2593; baseline 0 -25"><span class='ocrx_word' id='word_1_116' title='bbox 170 2495 176 2504; x_wconf 88' lang='lat'>&#39;</span> <span class='ocrx_word' id='word_1_117' title='bbox 320 2488 575 2593; x_wconf 78' lang='lat' dir='ltr'>altitudinem</span> <span class='ocrx_word' id='word_1_118' title='bbox 591 2490 707 2587; x_wconf 79' lang='lat' dir='ltr'>DE,</span> <span class='ocrx_word' id='word_1_119' title='bbox 733 2505 853 2592; x_wconf 91' lang='lat' dir='ltr'>atque</span> <span class='ocrx_word' id='word_1_120' title='bbox 885 2515 968 2591; x_wconf 91' lang='lat' dir='ltr'>quo</span> <span class='ocrx_word' id='word_1_121' title='bbox 993 2487 1114 2590; x_wconf 84' lang='lat' dir='ltr'>spatio</span> <span class='ocrx_word' id='word_1_122' title='bbox 1137 2487 1301 2567; x_wconf 84' lang='lat' dir='ltr'>altitudo</span> <span class='ocrx_word' id='word_1_123' title='bbox 1330 2487 1412 2565; x_wconf 88' lang='lat' dir='ltr'>DE</span> <span class='ocrx_word' id='word_1_124' title='bbox 1436 2488 1687 2568; x_wconf 88' lang='lat' dir='ltr'>altitudinem</span> 
     </span>
     <span class='ocr_line' id='line_1_18' title="bbox 195 2587 1683 2690; baseline 0 -20"><span class='ocrx_word' id='word_1_125' title='bbox 195 2591 201 2604; x_wconf 90' lang='lat'>&#39;</span> <span class='ocrx_word' id='word_1_126' title='bbox 328 2595 413 2672; x_wconf 86' lang='lat' dir='ltr'>AC</span> <span class='ocrx_word' id='word_1_127' title='bbox 432 2589 699 2690; x_wconf 78' lang='lat' dir='ltr'>superaverit,</span> <span class='ocrx_word' id='word_1_128' title='bbox 727 2589 824 2670; x_wconf 90' lang='lat' dir='ltr'>illud</span> <span class='ocrx_word' id='word_1_129' title='bbox 843 2591 919 2670; x_wconf 92' lang='lat' dir='ltr'>erit</span> <span class='ocrx_word' id='word_1_130' title='bbox 937 2589 1142 2669; x_wconf 90' lang='lat' dir='ltr'>discrimen</span> <span class='ocrx_word' id='word_1_131' title='bbox 1161 2589 1386 2688; x_wconf 80' lang='lat' dir='ltr'>fluviinu,</span> <span class='ocrx_word' id='word_1_132' title='bbox 1405 2587 1543 2668; x_wconf 90' lang='lat' dir='ltr'>versus</span> <span class='ocrx_word' id='word_1_133' title='bbox 1558 2605 1683 2670; x_wconf 88' lang='lat' dir='ltr'>terrae</span> 
     </span>
     <span class='ocr_line' id='line_1_19' title="bbox 330 2689 1683 2794; baseline -0.001 -23"><span class='ocrx_word' id='word_1_134' title='bbox 330 2709 514 2773; x_wconf 84' lang='lat' dir='ltr'>centrum</span> <span class='ocrx_word' id='word_1_135' title='bbox 546 2689 836 2772; x_wconf 90' lang='lat' dir='ltr'>descendentis.</span> <span class='ocrx_word' id='word_1_136' title='bbox 889 2693 1040 2774; x_wconf 85' lang='lat' dir='ltr'>Rursus</span> <span class='ocrx_word' id='word_1_137' title='bbox 1067 2689 1203 2769; x_wconf 89' lang='lat' dir='ltr'>eadem</span> <span class='ocrx_word' id='word_1_138' title='bbox 1231 2693 1386 2769; x_wconf 87' lang='lat' dir='ltr'>ratione</span> <span class='ocrx_word' id='word_1_139' title='bbox 1415 2691 1584 2768; x_wconf 88' lang='lat' dir='ltr'>libellam</span> <span class='ocrx_word' id='word_1_140' title='bbox 1610 2715 1683 2794; x_wconf 90' lang='lat' dir='ltr'>po·</span> 
     </span>
    </p>

    <p class='ocr_par' dir='ltr' id='par_1_8' title="bbox 331 2790 1533 2894">
     <span class='ocr_line' id='line_1_20' title="bbox 331 2790 1533 2894; baseline -0.004 -18"><span class='ocrx_word' id='word_1_141' title='bbox 331 2793 466 2876; x_wconf 89' lang='lat' dir='ltr'>nendo</span> <span class='ocrx_word' id='word_1_142' title='bbox 483 2794 524 2875; x_wconf 93' lang='lat' dir='ltr'>in</span> <span class='ocrx_word' id='word_1_143' title='bbox 539 2795 580 2876; x_wconf 92' lang='lat' dir='ltr'>D</span> <span class='ocrx_word' id='word_1_144' title='bbox 606 2795 761 2874; x_wconf 85' lang='lat' dir='ltr'>collima</span> <span class='ocrx_word' id='word_1_145' title='bbox 777 2795 819 2876; x_wconf 93' lang='lat' dir='ltr'>in</span> <span class='ocrx_word' id='word_1_146' title='bbox 835 2798 891 2894; x_wconf 76' lang='lat' dir='ltr'>F,</span> <span class='ocrx_word' id='word_1_147' title='bbox 920 2811 1004 2874; x_wconf 84' lang='lat' dir='ltr'>tum</span> <span class='ocrx_word' id='word_1_148' title='bbox 1025 2790 1238 2873; x_wconf 80' lang='lat' dir='ltr'>succeffive</span> <span class='ocrx_word' id='word_1_149' title='bbox 1256 2794 1298 2876; x_wconf 91' lang='lat' dir='ltr'>in</span> <span class='ocrx_word' id='word_1_150' title='bbox 1315 2795 1365 2872; x_wconf 88' lang='lat' dir='ltr'>G.</span> <span class='ocrx_word' id='word_1_151' title='bbox 1386 2799 1436 2871; x_wconf 89' lang='lat' dir='ltr'>H.</span> <span class='ocrx_word' id='word_1_152' title='bbox 1457 2793 1533 2876; x_wconf 75' lang='grc' dir='ltr'>διο.</span> 
     </span>
    </p>
   </div>
   <div class='ocr_carea' id='block_1_7' title="bbox 765 2978 1247 3077">
    <p class='ocr_par' dir='ltr' id='par_1_9' title="bbox 765 2978 1247 3077">
     <span class='ocr_line' id='line_1_21' title="bbox 765 2978 1247 3077; baseline -0.017 0"><span class='ocrx_word' id='word_1_153' title='bbox 765 2978 1154 3077; x_wconf 91' lang='lat' dir='ltr'>SCHOLIUM</span> <span class='ocrx_word' id='word_1_154' title='bbox 1210 2981 1247 3070; x_wconf 92' lang='lat' dir='ltr'>I.</span> 
     </span>
    </p>
   </div>
   <div class='ocr_carea' id='block_1_8' title="bbox 178 3099 1743 4240">
    <p class='ocr_par' dir='ltr' id='par_1_10' title="bbox 333 3099 1691 3298">
     <span class='ocr_line' id='line_1_22' title="bbox 333 3099 1691 3298; baseline -0.004 -97"><span class='ocrx_word' id='word_1_155' title='bbox 333 3127 367 3222; x_wconf 49' lang='grc' dir='ltr'>δ’.</span> <span class='ocrx_word' id='word_1_156' title='bbox 383 3143 470 3213; x_wconf 73' lang='lat'>142·</span> <span class='ocrx_word' id='word_1_157' title='bbox 498 3121 614 3298; x_wconf 86' lang='lat' dir='ltr'>UT</span> <span class='ocrx_word' id='word_1_158' title='bbox 633 3127 817 3218; x_wconf 75' lang='lat' dir='ltr'>nioclan&#39;o,</span> <span class='ocrx_word' id='word_1_159' title='bbox 844 3141 924 3224; x_wconf 90' lang='lat' dir='ltr'>qua</span> <span class='ocrx_word' id='word_1_160' title='bbox 942 3116 1037 3198; x_wconf 89' lang='lat' dir='ltr'>licet</span> <span class='ocrx_word' id='word_1_161' title='bbox 1061 3172 1075 3218; x_wconf 80' lang='lat'>,</span> <span class='ocrx_word' id='word_1_162' title='bbox 1111 3117 1345 3201; x_wconf 74' lang='lat' dir='ltr'>exattillime</span> <span class='ocrx_word' id='word_1_163' title='bbox 1362 3131 1569 3220; x_wconf 87' lang='lat' dir='ltr'>peragatur</span> <span class='ocrx_word' id='word_1_164' title='bbox 1629 3099 1691 3219; x_wconf 78' lang='lat' dir='ltr'>jd·</span> 
     </span>
    </p>

    <p class='ocr_par' dir='ltr' id='par_1_11' title="bbox 351 3171 1689 3324">
     <span class='ocr_line' id='line_1_23' title="bbox 351 3171 1689 3324; baseline -0.005 -22"><span class='ocrx_word' id='word_1_165' title='bbox 351 3263 354 3270; x_wconf 91' lang='lat'>·</span> <span class='ocrx_word' id='word_1_166' title='bbox 602 3222 705 3302; x_wconf 82' lang='lat' dir='ltr'>verit</span> <span class='ocrx_word' id='word_1_167' title='bbox 724 3223 888 3304; x_wconf 88' lang='lat' dir='ltr'>eandem</span> <span class='ocrx_word' id='word_1_168' title='bbox 906 3235 1107 3320; x_wconf 80' lang='lat' dir='ltr'>repetere,</span> <span class='ocrx_word' id='word_1_169' title='bbox 1127 3222 1165 3300; x_wconf 62' lang='grc' dir='ltr'>ἂν</span> <span class='ocrx_word' id='word_1_170' title='bbox 1181 3221 1380 3324; x_wconf 86' lang='lat' dir='ltr'>postquam</span> <span class='ocrx_word' id='word_1_171' title='bbox 1392 3243 1509 3323; x_wconf 83' lang='lat' dir='ltr'>aquae</span> <span class='ocrx_word' id='word_1_172' title='bbox 1525 3171 1689 3298; x_wconf 73' lang='lat' dir='ltr'>descen-</span> 
     </span>
    </p>

    <p class='ocr_par' dir='ltr' id='par_1_12' title="bbox 335 3320 1743 3530">
     <span class='ocr_line' id='line_1_24' title="bbox 335 3320 1743 3434; baseline -0.007 -30"><span class='ocrx_word' id='word_1_173' title='bbox 335 3324 399 3404; x_wconf 89' lang='lat' dir='ltr'>sus</span> <span class='ocrx_word' id='word_1_174' title='bbox 416 3347 466 3404; x_wconf 86' lang='lat' dir='ltr'>ex</span> <span class='ocrx_word' id='word_1_175' title='bbox 482 3327 523 3400; x_wconf 87' lang='grc' dir='ltr'>Α</span> <span class='ocrx_word' id='word_1_176' title='bbox 542 3322 583 3404; x_wconf 94' lang='lat' dir='ltr'>in</span> <span class='ocrx_word' id='word_1_177' title='bbox 606 3329 636 3404; x_wconf 92' lang='lat' dir='ltr'>B</span> <span class='ocrx_word' id='word_1_178' title='bbox 657 3325 920 3427; x_wconf 88' lang='lat' dir='ltr'>deprehensus</span> <span class='ocrx_word' id='word_1_179' title='bbox 946 3320 1031 3421; x_wconf 72' lang='lat' dir='ltr'>est,</span> <span class='ocrx_word' id='word_1_180' title='bbox 1060 3320 1204 3434; x_wconf 79' lang='lat' dir='ltr'>iterum</span> <span class='ocrx_word' id='word_1_181' title='bbox 1235 3320 1694 3402; x_wconf 75' lang='lat' dir='ltr'><strong>NIVELLATIONEM</strong></span> <span class='ocrx_word' id='word_1_182' title='bbox 1737 3399 1743 3408; x_wconf 76' lang='lat'>.</span> 
     </span>
     <span class='ocr_line' id='line_1_25' title="bbox 338 3419 1694 3530; baseline -0.008 -24"><span class='ocrx_word' id='word_1_183' title='bbox 338 3447 457 3530; x_wconf 87' lang='lat' dir='ltr'>aquae</span> <span class='ocrx_word' id='word_1_184' title='bbox 480 3430 579 3505; x_wconf 87' lang='lat' dir='ltr'>exB</span> <span class='ocrx_word' id='word_1_185' title='bbox 605 3428 647 3506; x_wconf 93' lang='lat' dir='ltr'>in</span> <span class='ocrx_word' id='word_1_186' title='bbox 662 3432 706 3506; x_wconf 88' lang='lat' dir='ltr'>A</span> <span class='ocrx_word' id='word_1_187' title='bbox 721 3423 965 3507; x_wconf 86' lang='lat' dir='ltr'>ascendentis</span> <span class='ocrx_word' id='word_1_188' title='bbox 991 3419 1145 3518; x_wconf 74' lang='lat' dir='ltr'>ordrri3</span> <span class='ocrx_word' id='word_1_189' title='bbox 1179 3429 1355 3527; x_wconf 78' lang='lat' dir='ltr'>Itaque,</span> <span class='ocrx_word' id='word_1_190' title='bbox 1386 3445 1437 3500; x_wconf 86' lang='lat' dir='ltr'>ex</span> <span class='ocrx_word' id='word_1_191' title='bbox 1461 3419 1694 3518; x_wconf 91' lang='lat' dir='ltr'>correspon-</span> 
     </span>
    </p>

    <p class='ocr_par' dir='ltr' id='par_1_13' title="bbox 178 3515 1697 3829">
     <span class='ocr_line' id='line_1_26' title="bbox 178 3515 1696 3629; baseline -0.01 -21"><span class='ocrx_word' id='word_1_192' title='bbox 178 3604 183 3616; x_wconf 88' lang='grc'><strong>,</strong></span> <span class='ocrx_word' id='word_1_193' title='bbox 338 3529 458 3607; x_wconf 90' lang='lat' dir='ltr'>dente</span> <span class='ocrx_word' id='word_1_194' title='bbox 476 3545 594 3629; x_wconf 87' lang='lat' dir='ltr'>aquae</span> <span class='ocrx_word' id='word_1_195' title='bbox 611 3545 695 3604; x_wconf 88' lang='lat' dir='ltr'>tum</span> <span class='ocrx_word' id='word_1_196' title='bbox 714 3524 988 3626; x_wconf 76' lang='lat' dir='ltr'>ascendentis,</span> <span class='ocrx_word' id='word_1_197' title='bbox 1020 3540 1104 3604; x_wconf 87' lang='lat' dir='ltr'>tum</span> <span class='ocrx_word' id='word_1_198' title='bbox 1125 3523 1400 3607; x_wconf 88' lang='lat' dir='ltr'>descendentis</span> <span class='ocrx_word' id='word_1_199' title='bbox 1428 3521 1613 3617; x_wconf 73' lang='lat' dir='ltr'>calculo,</span> <span class='ocrx_word' id='word_1_200' title='bbox 1640 3515 1696 3601; x_wconf 91' lang='lat' dir='ltr'>ri-</span> 
     </span>
     <span class='ocr_line' id='line_1_27' title="bbox 203 3617 1695 3728; baseline -0.008 -18"><span class='ocrx_word' id='word_1_201' title='bbox 203 3697 210 3710; x_wconf 85' lang='lat'>.</span> <span class='ocrx_word' id='word_1_202' title='bbox 337 3623 532 3706; x_wconf 69' lang='lat' dir='ltr'>teratrum</span> <span class='ocrx_word' id='word_1_203' title='bbox 550 3625 661 3704; x_wconf 84' lang='lat' dir='ltr'>fuilse</span> <span class='ocrx_word' id='word_1_204' title='bbox 679 3631 902 3704; x_wconf 66' lang='lat' dir='ltr'>mactationem</span> <span class='ocrx_word' id='word_1_205' title='bbox 918 3625 1152 3706; x_wconf 88' lang='lat' dir='ltr'>innotescet.</span> <span class='ocrx_word' id='word_1_206' title='bbox 1205 3631 1350 3728; x_wconf 87' lang='lat' dir='ltr'>Neque</span> <span class='ocrx_word' id='word_1_207' title='bbox 1368 3645 1464 3701; x_wconf 84' lang='lat' dir='ltr'>vero</span> <span class='ocrx_word' id='word_1_208' title='bbox 1484 3617 1695 3722; x_wconf 72' lang='lat' dir='ltr'>negletlim</span> 
     </span>
     <span class='ocr_line' id='line_1_28' title="bbox 340 3721 1697 3829; baseline -0.004 -23"><span class='ocrx_word' id='word_1_209' title='bbox 340 3741 405 3807; x_wconf 87' lang='lat' dir='ltr'>aut</span> <span class='ocrx_word' id='word_1_210' title='bbox 426 3723 555 3805; x_wconf 90' lang='lat' dir='ltr'>obiter</span> <span class='ocrx_word' id='word_1_211' title='bbox 570 3734 778 3805; x_wconf 67' lang='lat' dir='ltr'>nevernum</span> <span class='ocrx_word' id='word_1_212' title='bbox 804 3723 986 3806; x_wconf 84' lang='lat' dir='ltr'>exerceri</span> <span class='ocrx_word' id='word_1_213' title='bbox 1013 3725 1190 3829; x_wconf 76' lang='lat' dir='ltr'>debent,</span> <span class='ocrx_word' id='word_1_214' title='bbox 1218 3741 1360 3827; x_wconf 89' lang='lat' dir='ltr'>utpote</span> <span class='ocrx_word' id='word_1_215' title='bbox 1391 3746 1557 3827; x_wconf 86' lang='lat' dir='ltr'>quarum</span> <span class='ocrx_word' id='word_1_216' title='bbox 1575 3721 1697 3801; x_wconf 88' lang='lat' dir='ltr'>bene-</span> 
     </span>
    </p>

    <p class='ocr_par' dir='ltr' id='par_1_14' title="bbox 287 3825 1702 4136">
     <span class='ocr_line' id='line_1_29' title="bbox 287 3825 1699 3939; baseline -0.008 -26"><span class='ocrx_word' id='word_1_217' title='bbox 287 3867 289 3874; x_wconf 93' lang='lat'>·</span> <span class='ocrx_word' id='word_1_218' title='bbox 341 3829 436 3913; x_wconf 87' lang='lat' dir='ltr'>ficio</span> <span class='ocrx_word' id='word_1_219' title='bbox 453 3827 679 3911; x_wconf 85' lang='lat' dir='ltr'>altitudines</span> <span class='ocrx_word' id='word_1_220' title='bbox 699 3830 881 3910; x_wconf 89' lang='lat' dir='ltr'>locorum</span> <span class='ocrx_word' id='word_1_221' title='bbox 898 3827 1142 3910; x_wconf 87' lang='lat' dir='ltr'>innotescant</span> <span class='ocrx_word' id='word_1_222' title='bbox 1160 3854 1172 3931; x_wconf 82' lang='lat'>3</span> <span class='ocrx_word' id='word_1_223' title='bbox 1195 3828 1410 3906; x_wconf 87' lang='lat' dir='ltr'>innotescat</span> <span class='ocrx_word' id='word_1_224' title='bbox 1431 3825 1545 3903; x_wconf 86' lang='lat' dir='ltr'>etiam</span> <span class='ocrx_word' id='word_1_225' title='bbox 1559 3853 1568 3903; x_wconf 79' lang='lat' dir='ltr'>t</span> <span class='ocrx_word' id='word_1_226' title='bbox 1583 3846 1699 3939; x_wconf 83' lang='lat' dir='ltr'>quae-</span> 
     </span>
     <span class='ocr_line' id='line_1_30' title="bbox 344 3923 1698 4034; baseline -0.01 -20"><span class='ocrx_word' id='word_1_227' title='bbox 344 3955 559 4034; x_wconf 84' lang='lat' dir='ltr'>namaquae</span> <span class='ocrx_word' id='word_1_228' title='bbox 590 3947 882 4032; x_wconf 74' lang='lat' dir='ltr'>auttorrentes,</span> <span class='ocrx_word' id='word_1_229' title='bbox 902 3928 1228 4032; x_wconf 87' lang='lat' dir='ltr'>autscaturigines</span> <span class='ocrx_word' id='word_1_230' title='bbox 1240 3923 1287 4007; x_wconf 89' lang='lat' dir='ltr'>ad</span> <span class='ocrx_word' id='word_1_231' title='bbox 1303 3926 1554 4028; x_wconf 89' lang='lat' dir='ltr'>impellendas</span> <span class='ocrx_word' id='word_1_232' title='bbox 1563 3923 1698 4004; x_wconf 77' lang='lat' dir='ltr'>diver·</span> 
     </span>
     <span class='ocr_line' id='line_1_31' title="bbox 345 4023 1702 4136; baseline -0.007 -21"><span class='ocrx_word' id='word_1_233' title='bbox 345 4037 477 4115; x_wconf 89' lang='lat' dir='ltr'>sorum</span> <span class='ocrx_word' id='word_1_234' title='bbox 488 4031 554 4134; x_wconf 91' lang='lat' dir='ltr'>opi</span> <span class='ocrx_word' id='word_1_235' title='bbox 585 4033 740 4113; x_wconf 85' lang='lat' dir='ltr'>ciorum</span> <span class='ocrx_word' id='word_1_236' title='bbox 756 4033 880 4112; x_wconf 91' lang='lat' dir='ltr'>moles</span> <span class='ocrx_word' id='word_1_237' title='bbox 898 4029 1013 4132; x_wconf 89' lang='lat' dir='ltr'>dirigi</span> <span class='ocrx_word' id='word_1_238' title='bbox 1032 4033 1194 4136; x_wconf 72' lang='lat' dir='ltr'>queant,</span> <span class='ocrx_word' id='word_1_239' title='bbox 1220 4053 1387 4134; x_wconf 88' lang='lat' dir='ltr'>quarum</span> <span class='ocrx_word' id='word_1_240' title='bbox 1398 4027 1576 4133; x_wconf 86' lang='lat' dir='ltr'>denique</span> <span class='ocrx_word' id='word_1_241' title='bbox 1585 4023 1702 4108; x_wconf 85' lang='lat' dir='ltr'>subsi-</span> 
     </span>
    </p>

    <p class='ocr_par' dir='ltr' id='par_1_15' title="bbox 348 4130 1699 4240">
     <span class='ocr_line' id='line_1_32' title="bbox 348 4130 1699 4240; baseline -0.006 -27"><span class='ocrx_word' id='word_1_242' title='bbox 348 4135 415 4214; x_wconf 91' lang='lat' dir='ltr'>dio</span> <span class='ocrx_word' id='word_1_243' title='bbox 426 4132 506 4240; x_wconf 85' lang='lat' dir='ltr'>agri</span> <span class='ocrx_word' id='word_1_244' title='bbox 517 4133 733 4236; x_wconf 81' lang='lat' dir='ltr'>paludlnosr</span> <span class='ocrx_word' id='word_1_245' title='bbox 743 4133 883 4216; x_wconf 73' lang='lat' dir='ltr'>abadiis</span> <span class='ocrx_word' id='word_1_246' title='bbox 893 4133 1004 4237; x_wconf 87' lang='lat' dir='ltr'>aquis</span> <span class='ocrx_word' id='word_1_247' title='bbox 1016 4133 1195 4215; x_wconf 87' lang='lat' dir='ltr'>insertile</span> <span class='ocrx_word' id='word_1_248' title='bbox 1205 4130 1476 4236; x_wconf 84' lang='lat' dir='ltr'>poffintsolum</span> <span class='ocrx_word' id='word_1_249' title='bbox 1486 4145 1699 4212; x_wconf 86' lang='lat' dir='ltr'>commuta-</span> 
     </span>
    </p>
   </div>
   <div class='ocr_carea' id='block_1_9' title="bbox 351 4233 1698 4416">
    <p class='ocr_par' dir='ltr' id='par_1_16' title="bbox 351 4233 1698 4416">
     <span class='ocr_line' id='line_1_33' title="bbox 351 4233 1698 4416; baseline -0.007 -101"><span class='ocrx_word' id='word_1_250' title='bbox 351 4237 401 4315; x_wconf 87' lang='lat' dir='ltr'>ri.</span> <span class='ocrx_word' id='word_1_251' title='bbox 456 4243 564 4343; x_wconf 86' lang='lat' dir='ltr'>Qnae</span> <span class='ocrx_word' id='word_1_252' title='bbox 580 4237 693 4318; x_wconf 79' lang='lat' dir='ltr'>certo</span> <span class='ocrx_word' id='word_1_253' title='bbox 714 4265 795 4331; x_wconf 88' lang='lat' dir='ltr'>non</span> <span class='ocrx_word' id='word_1_254' title='bbox 812 4233 1028 4320; x_wconf 86' lang='lat' dir='ltr'>mediocria</span> <span class='ocrx_word' id='word_1_255' title='bbox 1045 4235 1296 4343; x_wconf 85' lang='lat' dir='ltr'>Reipublicae</span> <span class='ocrx_word' id='word_1_256' title='bbox 1313 4233 1403 4317; x_wconf 87' lang='lat' dir='ltr'>sunt</span> <span class='ocrx_word' id='word_1_257' title='bbox 1422 4235 1698 4416; x_wconf 55' lang='grc' dir='ltr'>ειῃοδῑὲῐὲῧητα.</span> 
     </span>
    </p>
   </div>
   <div class='ocr_carea' id='block_1_10' title="bbox 787 4495 794 4565">
    <p class='ocr_par' dir='ltr' id='par_1_17' title="bbox 787 4495 794 4565">
     <span class='ocr_line' id='line_1_34' title="bbox 787 4495 794 4565; baseline 0 0"><span class='ocrx_word' id='word_1_258' title='bbox 787 4495 794 4565; x_wconf 88' lang='lat' dir='ltr'>l</span> 
     </span>
    </p>
   </div>
   <div class='ocr_carea' id='block_1_11' title="bbox 0 0 1959 4948">
    <p class='ocr_par' dir='ltr' id='par_1_18' title="bbox 0 0 1959 4948">
     <span class='ocr_line' id='line_1_35' title="bbox 0 0 1959 4948; baseline 0 0"><span class='ocrx_word' id='word_1_259' title='bbox 0 0 1959 4948; x_wconf 95' lang='lat' dir='ltr'> </span> 
     </span>
    </p>
   </div>
  </div>
 </body>
</html>
