3884 4948
498 449 499 453 ‘
537 439 918 578 enouroomrtvh
939 497 1329 576 mhrnrmnrrcm
1538 533 1577 590 n

348 664 421 742 IX.
450 659 682 759 Euenum,
718 663 812 742 alius
848 665 894 741 ab
913 667 1040 742 &aalide
1064 665 1278 764 Megaricae
1302 663 1420 744 festae
1435 665 1602 748 'Institu-

251 783 358 866 tore,
385 779 564 866 tempore
584 768 741 840 Ptolomaa·
760 773 845 870 lagi,
873 766 1061 847 trecentis
1103 788 1229 868 prope
1273 779 1362 844 ante
1406 765 1600 847 Christum

255 866 388 964 annis,
420 877 596 946 Gaamnrla
638 865 754 946 laude
798 867 972 966 claruit,
1002 887 1125 971 atque
1146 865 1407 946 Alexandriae
1432 866 1599 949 scholam

252 972 500 1047 mathematicam
516 965 708 1046 fundavit.
785 971 914 1048 Notos
932 971 1225 1051 Elementorum
1251 967 1445 1047 tredecim
1460 968 1597 1073 libros,

255 1070 398 1174 quibus
428 1071 617 1174 Iuventus
646 1067 859 1154 hodiedum
886 1071 1014 1172 pallini
1042 1070 1245 1170 imbuitur,
1274 1067 1414 1168 edidit,
1442 1069 1483 1147 in
1509 1069 1626 1176 qui-x

253 1174 326 1252 bus
347 1163 510 1250 aliorum
530 1171 692 1249 inventa
706 1172 882 1273 collegit,
914 1176 1046 1290 auxit,
1083 1171 1244 1271 suisque
1264 1170 1599 1253 demonstrationi-

252 1277 329 1360 bus
352 1271 570 1352 roboravit.
644 1278 793 1378 Hypfirlaa
810 1272 1002 1354 tredecim
1031 1273 1105 1352 ntis
1131 1272 1238 1350 libris
1270 1271 1467 1349 decimum
1485 1299 1600 1377 quar-

253 1392 362 1475 tum,
392 1377 431 1455 &⁷
457 1373 652 1454 decimum
683 1371 865 1475 quintum
880 1430 894 1473 ,
909 1399 968 1454 ac
996 1399 1127 1475 nuper
1150 1375 1327 1468 Francisaas
1349 1377 1492 1472 Fluffiaes
1518 1389 1600 1454 can·

252 1483 339 1560 dalla
355 1475 551 1554 decimum
569 1477 721 1554 sextum
741 1474 896 1574 adjecit.
949 1483 1037 1556 Hoc
1047 1477 1170 1554 Euclida
1184 1472 1344 1551 authore
1361 1486 1484 1552 tantas
1505 1481 1602 1556 Ale-

262 1577 440 1658 xandriae
459 1577 613 1656 radices
635 1587 809 1654 Geanaatria
826 1577 931 1678 egit,
957 1593 1002 1656 ut
1027 1603 1079 1657 ex
1103 1591 1236 1654 mente
1269 1579 1362 1673 'Vaffla'
1382 1584 1455 1682 cap.
1474 1601 1519 1665 ¹5·
1562 1581 1599 1653 dc

249 1680 358 1786 [aaa.
375 1685 521 1756 martem.
547 1677 757 1778 nongentis
780 1701 906 1778 prope
924 1679 1066 1780 annis,
1099 1680 1145 1757 ab
1172 1677 1249 1754 hoc
1271 1679 1397 1752 Euclida
1414 1679 1602 1758 nimirum

256 1784 383 1883 usque
408 1779 454 1858 ad
473 1780 638 1878 Arabas,
659 1778 927 1858 &Saracenos
947 1784 1193 1880 Geometras,
1221 1778 1353 1855 nullus
1380 1778 1468 1859 sere
1495 1785 1605 1860 Geo-

258 1881 413 1976 metriae
432 1879 547 1959 laude
570 1879 765 1976 floruerit,
793 1879 862 1982 qui
887 1882 1144 1962 Alexandriae
1169 1895 1235 1958 aut
1263 1895 1378 1956 natus
1402 1907 1483 1962 non
1510 1882 1604 1960 suis-

258 1985 330 2077 set,
360 1999 424 2059 aut
442 1982 574 2061 saltem
587 1980 724 2060 studiis
739 1981 885 2060 ibidem
903 2007 983 2061 non
1001 1983 1179 2065 vacall'et.
1233 1983 1372 2057 Euclidts
1391 1981 1604 2084 discipulus

256 2090 437 2190 Apollonias
454 2091 593 2184 Pergam
607 2083 754 2182 septem
773 2082 1017 2163 conicorum
1038 2081 1296 2165 subtilissimos
1316 2079 1455 2183 libros,
1465 2086 1604 2185 partim

260 2209 310 2265 ex
328 2186 523 2263 Archimedis
541 2181 739 2280 doctrina,
784 2183 923 2274 partim
946 2187 1110 2291 proprio
1136 2211 1185 2266 ex
1216 2182 1383 2263 cerebro
1399 2186 1602 2285 procudit.

257 2283 376 2367 Unde
392 2309 520 2390 magnus
539 2295 701 2361 &romara
725 2281 803 2364 dici
821 2285 983 2364 meruit.

361 2491 716 2588 memineramus
734 2503 894 2566 centum
911 2489 1072 2569 circiter
1089 2489 1198 2569 annis
1218 2489 1305 2588 post
1320 2490 1528 2570 Euclidem
1543 2488 1604 2570 vi-

258 2594 331 2671 xit.
386 2589 462 2670 Hic
483 2588 632 2666 summo
650 2586 946 2670 adminiculatus
972 2589 1132 2705 ingenio
1151 2615 1200 2668 eo
1220 2587 1397 2694 devenit,
1415 2608 1461 2672 ut
1477 2593 1605 2673 omnis

257 2697 550 2771 maetamttcaram
563 2687 806 2794 'discplinam
832 2693 1052 2792 praestantra
1084 2693 1126 2771 in
1153 2713 1242 2770 eum
1269 2691 1494 2794 immigrasse
1518 2719 1604 2775 uno
1708 2717 1711 2724 ·

258 2793 433 2874 omnium
450 2815 520 2869 ore
538 2788 753 2870 diceretur.
833 2799 933 2874 Oum
957 2807 1158 2873 continentem
1185 2805 1337 2870 rationem
1362 2795 1529 2894 sphaerae
1554 2795 1603 2874 ad

257 2895 480 3004 cylindrum
496 2890 726 2992 invenisset,
755 2915 918 2996 nempe:
955 2908 1001 2973 ut
1025 2919 1049 2979 2
1080 2893 1127 2972 ad
1144 2917 1187 3074 Ξ,
1214 2908 1364 2972 tantum
1389 2897 1601 2999 voluptatis

255 2995 454 3098 percepit,
479 3011 525 3072 ut
543 2991 730 3092 sphaeram
746 3019 836 3076 cum
854 2995 1037 3101 cylindro
1058 2997 1140 3094 eius
1172 3015 1234 3074 ern
1260 2993 1466 3100 diametri,
1491 2999 1603 3088 ,dral-

253 3093 436 3177 titudinis
463 3092 616 3174 tumulo
639 3093 711 3174 suo
736 3097 1005 3200 superimponi
1028 3093 1202 3176 voluerit
1230 3099 1435 3176 memoriae
1474 3100 1601 3181 causa.

255 3199 383 3278 Pauca
398 3219 450 3274 ex
475 3197 689 3272 Archimedats
714 3199 889 3303 scriptis,
927 3201 1101 3302 haecque
1119 3197 1352 3278 eruditionis
1375 3201 1601 3307 plenissima,

255 3300 303 3381 ad
320 3323 394 3380 nos
414 3312 700 3400 pervenerunt.
1089 3329 1090 3334 Ν

359 3503 513 3582 Graecis
532 3502 688 3582 tandem
708 3501 748 3583 in
768 3502 1033 3581 Romanorum
1064 3501 1295 3604 potestatem
1319 3495 1505 3600 redactis,
1531 3499 1603 3582 visi

252 3607 343 3684 sunt
364 3602 488 3682 amissa
516 3604 696 3684 libertate
711 3599 838 3708 gentis
857 3604 1082 3684 acutiffimae
1101 3602 1232 3706 animi,
1251 3605 1358 3684 simul
1376 3603 1415 3682 dt
1433 3606 1604 3681 mathema·

254 3709 498 3813 necdiscipltnae
512 3723 665 3786 nutare.
717 3710 765 3786 In
789 3706 960 3812 AEgypto
984 3705 1138 3788 felicius
1162 3709 1360 3810 aliquanto
1380 3729 1444 3784 res
1471 3703 1510 3782 se
1535 3707 1601 3783 ha-

256 3808 454 3909 buerunt3
482 3814 605 3889 Anno
621 3807 812 3910 siquidem
840 3807 976 3889 Christi
992 3810 1030 3888 se
1059 3809 1270 3907 tuagesrmo
1295 3807 1481 3885 natusest
1505 3812 1601 3886 maa.

256 3907 329 3983 aras
346 3915 528 3987 Ptolomaus
545 3908 729 4008 princeps
749 3909 940 4010 omnium,
953 3909 1021 4012 qui
1033 3835 1221 3987 dedimus
1237 3905 1470 4004 extiterunt,
1484 3905 1603 3984 astro-

254 4029 477 4089 nomorum.
533 4011 704 4118 systema
720 4007 784 4088 ille
802 4011 1057 4110 mundanum,
1070 4012 1115 4088 ab
1134 4033 1184 4087 eo
1195 4017 1423 4086 Ptolomaeum
1434 4005 1596 4087 dictum.

254 4108 520 4214 coordinavit,
536 4131 656 4219 atque
674 4112 745 4192 alia
760 4113 1139 4218 compluraMathasaas
1159 4110 1355 4213 evulgavit
1373 4107 1596 4212 specimina.

863 4317 945 4397 Ba
1507 4315 1577 4418 Ja-
