3884 4948
443 499 513 572 DE
534 500 735 573 REGULA
758 501 940 590 TRIUM,
968 501 1260 576 &PROPORT.
1277 501 1408 575 NUM.
1529 525 1570 597 75

256 675 385 780 gere.
411 683 458 750 'ut
476 695 556 764 me
585 699 594 751 t
614 691 681 771 13.
703 675 751 774 63
779 669 906 750 dusiis
926 669 1093 769 deinde,
1122 671 1161 750 δι
1177 673 1419 752 antecedentibus
1435 671 1476 752 in
1492 671 1531 751 se
1551 673 1610 752 in·

255 779 413 874 vicem,
441 773 479 852 &
495 775 760 878 eeefiqnentibeee,
786 773 992 852 habebitur
1009 774 1108 852 natio
1127 777 1287 882 duplicate
1309 788 1441 854 retinnit
1458 776 1483 852 6
1500 773 1546 854 ad
1566 799 1604 867 4.

259 878 311 957 Hi
331 875 484 954 numeri
501 873 751 956 reducuntur
775 876 822 954 ad
839 875 1020 953 minimos
1038 901 1247 984 exponentes,
1287 901 1322 955 t.
1349 901 1386 969 4.
1414 877 1484 980 qui
1511 894 1606 982 qua-

264 977 363 1058 drati
380 978 492 1075 sunt,
520 999 608 1056 nam
711 1001 794 1086 254
812 1008 821 1056 ε
842 1008 851 1058 :
873 999 911 1078 3.
931 980 970 1056 6.

714 1103 749 1158 Ι·
770 1105 795 1162 2
814 1109 824 1158 x
845 1108 854 1156 t
877 1105 910 1158 ΙΙ
935 1105 960 1162 2

261 1205 350 1261 cum
367 1197 443 1258 tam
460 1183 665 1259 antecedentes
684 1183 883 1286 aequales,
922 1205 1038 1284 quam
1063 1183 1270 1286 eenfiqnentet
1295 1182 1400 1260 inter
1421 1182 1460 1260 se
1478 1181 1608 1261 multi-

181 1289 189 1302 ‘
260 1283 361 1384 plice
408 1307 472 1358 ur.
525 1283 585 1360 Ex
600 1283 671 1361 hac
689 1281 1014 1384 multiplicatione
1032 1283 1209 1383 ejusdem
1227 1285 1380 1362 numeri
1404 1309 1475 1383 per
1492 1285 1529 1363 sc
1549 1284 1606 1384 ip-

259 1385 340 1462 sum
358 1386 404 1464 ha
429 1402 523 1476 etur
536 1397 618 1463 nerle
634 1389 793 1494 duplicate
812 1381 882 1462 seu
905 1398 1027 1462 numere·
1046 1387 1215 1488 quadrent.

258 1593 289 1690 l.
313 1607 404 1688 105.
429 1591 570 1764 DUo
588 1588 743 1666 numeni
759 1585 829 1665 seu
855 1587 1140 1688 magnitudines
1166 1585 1252 1666 sunt
1279 1589 1321 1666 in
1345 1599 1466 1667 rete'ene
1485 1589 1607 1690 fieldn-

530 1699 647 1796 plectet
666 1689 830 1768 aliorum
855 1685 1025 1768 duorum
1050 1713 1340 1789 numerorum,
1384 1687 1542 1792 quando
1562 1713 1608 1767 ea

257 1793 313 1871 est
329 1791 487 1870 illorum
510 1793 611 1885 nette,
636 1792 728 1873 utst
758 1790 873 1870 semel
903 1791 945 1871 in
971 1791 1125 1893 seipsam
1159 1789 1361 1890 ducatur,
1396 1805 1480 1870 rete'e
1507 1789 1608 1870 duo-

258 1919 345 1971 rum
365 1895 521 1972 illorum
548 1893 725 1974 datorum
751 1917 1010 1972 numerorum
1036 1895 1257 1995 consurgat.
1317 1899 1366 1973 In
1385 1897 1607 2000 fieltte'plteete

258 2021 358 2075 vero
374 2011 496 2073 retient
513 1994 703 2075 dicuntur
721 1996 827 2096 elle,
853 2017 944 2074 cum
964 2019 1104 2074 eorum
1123 2010 1203 2072 nette
1222 1995 1447 2096 hujusmodi
1466 1995 1543 2094 est,
1560 2012 1608 2078 ut

255 2101 410 2206 dupltceee
431 2097 470 2175 in
487 2096 525 2175 se
543 2097 660 2196 ipsam
678 2093 828 2193 duna,
871 2111 1020 2174 rationem
1045 2095 1203 2174 illorum
1232 2099 1396 2176 aliorum
1421 2119 1609 2175 numero·

257 2225 348 2277 rum
366 2199 525 2277 efficiat.
577 2199 638 2274 Ex
666 2221 747 2300 quo
775 2197 942 2275 habetur
970 2225 979 2272 τ
1021 2221 1215 2300 exponentem
1239 2213 1370 2275 rationis
1384 2199 1610 2298 fiebtsnplt'eetn

254 2299 330 2380 effe
346 2303 538 2405 quadratam
555 2301 711 2395 redicem3
739 2303 934 2404 exponentem
952 2318 1051 2373 vero
1069 2308 1200 2378 retinnit
1222 2295 1441 2406 finitriplt'eetae
1458 2296 1532 2376 effe
1550 2327 1607 2374 ett-

250 2402 352 2480 lenem
367 2402 503 2478 eedneem
518 2413 695 2505 erponentt't
714 2399 819 2480 datae
832 2395 1010 2480 rationis.

350 2601 512 2702 Signum
521 2611 706 2710 equalitatis
718 2603 773 2685 est
790 2633 861 2684 z.
914 2601 1076 2705 Signum
1087 2601 1346 2686 similitudinis
1377 2644 1440 2696 ω.
1468 2620 1606 2709 >no-

249 2717 306 2784 tat
322 2704 446 2805 majus
461 2703 509 2784 ad
527 2703 670 2784 minus.
732 2723 772 2809 <
790 2717 899 2785 notat
916 2703 1045 2786 minus
1063 2705 1109 2783 ad
1128 2707 1268 2805 majus.

712 2907 1134 3002 AXIOMA.

249 3096 283 3193 l.
303 3093 392 3176 106.
474 3089 604 3172 lduae
623 3105 758 3172 retienee
788 3090 915 3170 eidem
940 3093 1073 3176 tertiae
1098 3097 1272 3200 aequales
1299 3099 1483 3201 suerint,
1511 3101 1605 3179 sunt

500 3191 614 3272 etiam
636 3195 810 3299 aequales
829 3191 931 3274 inter
949 3194 1003 3276 se.

347 3399 445 3476 Nam
462 3421 643 3503 exponentes
663 3397 876 3480 earundem
897 3410 1055 3477 rationum
1081 3398 1170 3476 sunt
1196 3398 1369 3502 aequales
1393 3423 1433 3478 v.
1455 3426 1492 3504 g.
1517 3427 1556 3486 2.
1574 3425 1598 3504 3

246 3523 303 3575 =
324 3500 363 3577 6.
383 3524 407 3600 q
427 3529 484 3576 z
505 3510 542 3589 8.
566 3523 629 3584 12.
681 3497 796 3582 Ratio
817 3499 921 3580 enim
940 3529 1089 3608 exponens
1107 3499 1242 3578 harum
1272 3496 1445 3580 omnium
1473 3503 1528 3582 est
1553 3503 1601 3583 fi-

249 3598 488 3792 cutzopdlg.
537 3603 678 3705 Itaque
696 3601 725 3684 st
744 3628 783 3692 2.
804 3626 827 3706 3
846 3633 905 3684 :z
925 3605 962 3683 6.
982 3629 1022 3710 9.
1043 3602 1081 3683 &
1103 3623 1185 3774 mg
1201 3611 1309 3692 :e
1330 3627 1392 3686 12.
1443 3607 1598 3688 Etten6.

247 3723 272 3802 9

246 3899 278 3997 l.
302 3919 387 3999 107.
415 3903 519 4076 EX
553 3904 688 4002 maiori
730 3907 864 4011 itaque
899 3908 965 3987 vel
999 3907 1143 3986 minori
1187 3918 1306 3983 reetene
1349 3907 1605 4008 cognoscitur

311 4101 320 4118 ,
507 4003 647 4116 etiam,
678 4033 862 4112 quaenam
888 4008 1081 4114 quantitas
1098 4009 1143 4087 fit
1160 4007 1279 4086 altera
1298 4007 1514 4110 quantitate
1532 4023 1602 4088 aut

245 4124 392 4204 major,
421 4119 486 4188 aut
500 4107 644 4192 minor.
700 4110 823 4218 Quod
841 4135 892 4192 ex
910 4110 1093 4218 sequenti
1109 4113 1296 4191 theoremate
1312 4108 1459 4190 elucet.

861 4329 898 4411 K
924 4353 950 4412 2
1460 4326 1547 4412 Sint
