3884 4948
231 471 260 556 ⁴
380 453 383 458 ’
480 619 483 626 ¹
739 463 1302 582 neesson-soevo·

684 645 772 746 sss
817 645 1297 758 vsouesuv.

242 881 445 986 CAPUT
469 883 504 973 I.
551 885 613 1002 De
642 885 842 992 Principiis
872 889 1097 976 Geometria.

242 1002 444 1092 CAPUT
462 1001 520 1091 II.
551 1005 612 1088 De
643 999 861 1108 Dinuufioue
890 1005 1104 1091 Liueorom.

242 1117 445 1208 CAPUT
464 1119 544 1208 III.
566 1123 627 1206 Da
655 1118 827 1226 Aoogulis.

244 1234 544 1328 CAPUTIV.
564 1239 626 1326 De
659 1235 880 1345 Triengolis.

245 1349 449 1443 CAPUT
466 1351 534 1448 V.
564 1355 759 1462 Prasipua
801 1351 1045 1468 leplruuunta
1080 1359 1304 1443 Geometrica
1337 1355 1600 1476 rofhruutur,
1648 1372 1778 1458 eustho-

564 1473 704 1584 ¹eiusque
730 1477 954 1581 exponitur,
990 1473 1204 1580 Geoelustuon
1227 1477 1387 1583 praiiice
1415 1485 1613 1572 euerseruli.

246 1585 446 1680 CAPUT
463 1587 554 1680 VI.
573 1593 635 1677 De
664 1587 929 1706 Quadrangulo
951 1651 965 1696 ‚
993 1591 1146 1702 aliisque
1168 1593 1371 1702 Polygonis.

246 1702 450 1795 CAPUT
461 1705 572 1798 VII.
592 1707 653 1792 De
681 1705 823 1789 Circulo
850 1765 865 1814 ,
894 1707 1048 1818 aliisque
1075 1709 1225 1816 Ingens
1242 1715 1464 1803 curvilinois.

247 1817 450 1910 CAPUT
461 1819 595 1914 VIII.
615 1822 677 1907 De
702 1823 826 1907 variis
853 1821 1152 1930 Epipedometrice
1166 1819 1360 1932 speciebus.

247 1933 451 2024 CAPUT
470 1935 554 2026 IX.
601 1939 663 2024 Dc
692 1935 973 2046 Metamorphost
997 1931 1109 2048 fieper
1155 1945 1282 2026 ieram.

248 2050 451 2140 CAPUT
481 2051 537 2138 X.
591 2057 654 2140 De
683 2055 967 2163 stereometria,
989 2048 1054 2164 seu
1095 2056 1266 2142 olidoruoe
1285 2059 1517 2169 Dinoenstone.

94 2233 105 2258 .
179 2171 181 2176 ’
247 2167 452 2257 CAPUT
470 2170 553 2259 XI.
586 2171 743 2284 Reliqua
778 2169 822 2255 do
848 2169 1001 2278 Sploaera
1028 2171 1280 2280 expediuntur.

234 2283 450 2394 ,CAPUT
460 2287 567 2377 XII.
588 2291 649 2374 De
677 2289 887 2374 inventione
909 2286 1111 2374 Soliditatis
1133 2287 1354 2395 diverfioruon
1374 2311 1572 2406 corporum.

248 2397 448 2489 CAPUT
456 2403 583 2492 XIII.
599 2406 660 2489 De
686 2407 810 2487 variis
836 2403 1097 2489 Stereometriu
1110 2399 1326 2514 speciebus.-

247 2515 452 2605 CAPUT
462 2517 671 2610 XIV.De
700 2517 982 2624 Metamorphofi
1008 2519 1293 2611 Stereoonctrioa.

252 2627 453 2726 CAPUT
470 2631 587 2731 XV.
602 2637 664 2720 De
694 2635 833 2719 Couicis
863 2632 1095 2724 Sollionibus.

582 2869 664 2971 IN
704 2791 1417 2975 voscouoooossuou.

253 3107 453 3208 CAPUT
479 3107 515 3196 I.
562 3109 624 3198 Da
650 3107 854 3215 Principiis
895 3109 1196 3220 Trigonometriu.
1316 3107 1319 3114 ¹

253 3225 453 3320 CAPUT
471 3225 529 3315 ΙΙ.
568 3228 629 3313 Da
662 3225 866 3312 Inventione
896 3227 1045 3312 Siuuuon
1073 3229 1320 3337 tunguenesin,
1351 3217 1404 3316 &⁹
1421 3217 1628 3326 stramineos.

254 3343 454 3435 CAPUT
469 3347 550 3434 III.
571 3347 631 3432 De
661 3345 907 3453 Logarithmis
926 3411 938 3449 ‚
955 3343 1009 3438 &⁹
1042 3343 1264 3430 Tabularum
1293 3333 1369 3438 ule.

256 3459 456 3551 CAPUT
467 3464 555 3557 IV.
576 3464 639 3549 De
655 3457 813 3570 Aualyfi
842 3463 1118 3572 Diaugulorum
1133 3457 1432 3565 reiiuugulorum.

254 3576 457 3670 CAPUT
472 3579 540 3673 V.
570 3581 633 3666 De
662 3575 820 3687 Auelpst
851 3579 1127 3688 Triangulorurn
1145 3573 1483 3691 obliquanguloronn.

256 3694 458 3792 CAPUT
473 3697 562 3794 VI.
588 3691 822 3780 Proliuuata
851 3693 1179 3806 Euthymetriaou⁹
1225 3691 1512 3792 Animarum,
1557 3683 1611 3782 ἐφ’
1653 3683 1797 3797 Bothy-

569 3815 733 3897 mettium
747 3803 952 3918 speitaotiu
985 3875 1001 3921 ‚
1041 3813 1328 3922 Trigououutriu
1367 3800 1527 3913 beneficio
1552 3797 1794 3909 resolveretur,

569 3929 622 4023 δέ
641 3945 779 4036 mappa
807 3933 1061 4039 Geogroploicu
1095 3946 1171 4014 tatu
1194 3917 1436 4033 universales,
1464 3946 1571 4031 quam
1591 3923 1798 4032 particulo·

570 4073 632 4130 res
650 4045 888 4132 aolorrouutur.

258 4160 456 4282 CAPUT
465 4157 564 4254 VII.
585 4165 644 4250 De
669 4157 1145 4274 Trigouometriasphnrisa.
1688 4285 1781 4394 ΒΑ
