3864 4958
365 503 429 567 240
740 479 1052 552 GEOMETRIAE
1081 483 1245 552 CAPUT
1271 479 1329 552 lX.

335 654 340 670 ’
362 693 364 700 ·
435 651 686 730 Caeterorum
704 651 993 734 Problematum
1011 651 1201 732 resolutio
1220 678 1272 734 ex
1288 657 1408 734 allatis
1421 654 1575 740 abunde
1594 660 1679 739 elu-

327 751 453 832 cebit:
498 763 578 851 Jam
601 753 648 834 ad
676 757 849 834 ultimam
867 753 1204 860 Epipedometriae
1231 758 1401 860 speciem
1420 763 1674 850 ¹acc-edamus.

742 993 866 1102 CA
902 1000 941 1100 P
978 997 1026 1100 U
1066 1001 1113 1099 T
1182 1001 1265 1102 lX.

501 1283 505 1294 ,
533 1187 614 1288 De
649 1190 1031 1318 Metamorphofi
1065 1189 1446 1320 Superficierum.
1501 1227 1508 1241 ·
1594 1318 1598 1327 Ι

162 1421 166 1428 ·
321 1403 454 1507 l·32⁶·
484 1401 789 1586 Μεαηιανρῶἵᾷ
799 1405 868 1484 seu
884 1385 1113 1502 transformatio
1128 1405 1343 1509 figurarum
1354 1427 1402 1486 eo
1420 1405 1672 1584 τεξρὶεἱῑμιῖ,

592 1507 740 1588 fiforta
770 1533 793 1587 e
812 1506 1040 1608 superficies
1061 1507 1259 1611 quaepiam
1278 1509 1463 1588 inidonea
1486 1525 1544 1608 rt,
1573 1509 1677 1590 eain

326 1605 484 1690 alterius
503 1603 649 1709 figurae
670 1607 918 1713 superficiem
939 1609 1063 1709 priori
1087 1609 1247 1688 omnino
1275 1611 1469 1712 aequalem
1504 1633 1680 1688 commu-

322 1706 396 1810 tari
416 1725 547 1811 queat.
601 1716 647 1788 In
664 1710 822 1818 Phyllea
839 1729 952 1790 certo
970 1767 984 1807 ,
1014 1736 1118 1790 areae
1136 1709 1240 1810 iltae,
1270 1735 1365 1812 quae
1391 1710 1545 1790 amotis
1572 1711 1611 1789 in
1633 1710 1678 1790 li·

325 1837 400 1892 nea
423 1833 546 1887 curva
578 1812 684 1890 circa
722 1829 904 1892 centrum
939 1810 1100 1915 aliquod
1133 1813 1369 1910 corporibus
1402 1811 1679 1892 describuntur

325 1937 362 2014 ae
393 1911 545 1990 ualibus
567 1913 840 2017 temporibus,
870 1916 1043 2014 aequales
1072 1911 1175 1989 inter
1201 1913 1239 1990 se
1263 1913 1338 1992 elle
1364 1911 1697 1993 demonstrantur

324 1941 566 2093 adariffimo
584 2019 800 2116 Neutono,
829 2015 1007 2117 quamvis
1038 2014 1142 2092 inter
1159 2013 1197 2092 se
1221 2012 1296 2093 fint
1321 2014 1435 2096 valde
1464 2013 1671 2092 diffimiles.

323 2114 734 2222 mansfigurationum
768 2116 1013 2218 ejuscemodi
1037 2113 1242 2218 praecipua
1267 2118 1507 2217 problemata
1533 2114 1678 2196 affere-

324 2247 427 2302 mUS.

728 2351 1182 2483 pronaumn
1241 2391 1275 2478 t

153 2591 312 2805 ἕλιξ.
324 2595 360 2696 5.
372 2614 461 2696 327.
498 2591 764 2770 Tilirmgealum
773 2591 933 2692 scalmum
950 2589 1071 2665 ABC
1088 2587 1134 2663 ad
1147 2590 1294 2690 aqualem
1314 2588 1461 2692 Isoscelcm
1478 2593 1520 2666 A
1532 2588 1611 2668 GC
1626 2619 1677 2668 rc·

426 2895 494 2975 Ad
514 2898 768 2978 summitatem
784 2889 1006 2972 Educatur
1021 2887 1127 2968 resta
1144 2889 1227 2968 DE
1249 2944 1264 2989 7
1291 2894 1469 2990 parallela
1494 2892 1563 2994 ipsi
1586 2895 1671 2972 Ac

320 2999 450 3099 (lo.)
475 3001 543 3079 Ad
561 2997 828 3078 extremitates
850 2993 982 3072 baseos
1009 2995 1093 3072 AC
1116 2992 1317 3092 erigantur
1344 2993 1438 3072 duae
1462 2991 1675 3096 perpendi-

320 3101 474 3180 culares
492 3101 608 3204 AD,
644 3103 725 3182 OE
752 3097 808 3197 (l.
834 3107 919 3195 28,
957 3092 1102 3196 8129.)
1134 3091 1340 3173 habebitur
1366 3097 1675 3196 parallelogram-

319 3227 427 3283 mum
447 3204 647 3304 abac,
676 3200 838 3302 duplum
864 3193 1039 3294 inscripti
1060 3193 1275 3298 elonget,
1303 3213 1370 3277 aut
1426 3223 1472 3278 er
1496 3197 1677 3298 diagona-

318 3311 396 3390 lem
414 3305 576 3409 separati
603 3308 787 3406 (ΜΖ.)
822 3297 945 3378 Linea
968 3298 1054 3376 DE
1083 3295 1283 3378 dividatur
1312 3299 1353 3380 in
1406 3324 1473 3380 uas
1502 3323 1538 3380 ae
1568 3297 1675 3377 uales

173 3475 181 3486 .
322 3429 455 3512 partes
472 3409 590 3508 inG,
619 3423 738 3510 atque
757 3400 1078 3480 edeucantur
1092 3397 1214 3480 restae
1239 3397 1366 3502 inA,
1401 3403 1522 3501 dac,
1583 3399 1673 3478 abe-

320 3511 513 3688 lfiiturque
530 3509 716 3592 Isosceles
735 3506 891 3614 AGC,
920 3499 1083 3608 aequalis
1102 3501 1254 3582 scaleno
1272 3505 1397 3584 Aac
1422 3505 1476 3604 (ς.
1490 3509 1580 3608 91.)
1622 3505 1674 3605 Q.

582 3851 586 3858 -
703 3776 1170 3877 PROBLEMA
1228 3775 1286 3868 H.

159 3987 239 4068 Tal.
254 3923 364 4092 Μ.
376 3995 465 4093 328.
493 3983 587 4123 EX
597 3989 751 4094 triangulo
767 3981 938 4080 belamuto
956 3975 1068 4079 isoscele
1081 3975 1190 4060 FRS
1201 4002 1321 4086 parare
1335 3975 1449 4081 equale
1464 3975 1676 4084 radangulm

151 4093 297 4198 ligmyr.
569 4096 897 4197 parallelogrammum
912 4078 945 4155 F
952 4081 1099 4161 MNS.

1563 4315 1625 4396 Ex
