3884 4948
410 499 480 570 DE
507 497 709 572 REGULA
735 501 924 598 TRIUM,
947 509 1237 592 &PROPOR'R
1269 521 1398 594 NUM.
1527 544 1567 614 ει

238 687 318 770 que
336 660 576 771 dimidium,
603 695 745 774 nempe
767 695 814 777 13
838 679 913 760 en't
929 705 1127 797 numerus
1138 688 1179 769 in
1192 689 1321 772 media
1338 693 1491 800 quadrari·
1508 700 1594 783 cel·

236 769 316 854 luia
331 769 586 853 collocandus
606 825 621 872 ,
649 775 760 877 quod
777 783 965 880 prasenti
984 785 1177 870 schemate
1198 795 1423 878 exhibetur.

312 2389 439 2466 Porro
455 2402 477 2466 r
499 2389 664 2484 ponitur
693 2385 796 2466 insra
815 2387 982 2472 mediam
1003 2393 1153 2476 celiam.
1206 2423 1231 2482 2
1249 2399 1457 2492 ponuntur
1473 2381 1572 2464 dex-

217 2485 419 2588 trorsum,
452 2511 533 2568 una
560 2487 660 2569 cella
687 2487 884 2596 inferius;
912 2513 936 2595 3
961 2493 1096 2575 rursus
1124 2499 1219 2602 poni
1254 2491 1446 2572 deberent
1470 2485 1571 2600 derf-
1633 2543 1637 2548 -

214 2585 385 2666 morsum
405 2588 447 2666 in
461 2589 644 2669 inferiori
663 2589 804 2672 ordine
827 2621 840 2696 3
875 2619 966 2673 cum
992 2613 1123 2679 autern
1142 2603 1248 2680 nulla
1269 2593 1347 2695 jam
1373 2592 1471 2671 cella
1493 2587 1566 2666 ib1=

218 2683 308 2764 dem
327 2688 503 2801 exiiiat,
538 2689 704 2791 ponitur
731 2691 779 2772 ad
803 2697 1021 2797 supremam
1047 2705 1182 2782 cellam
1206 2693 1433 2782 verticalenr
1460 2691 1565 2789 ejus·

213 2784 304 2866 dern
324 2785 474 2869 ordrnis
501 2817 514 2892 3
551 2791 743 2884 aiterum
769 2798 957 2877 collocari
986 2799 1179 2884 deberent
1206 2805 1247 2882 in
1266 2795 1565 2878 celladextror-

211 2887 297 2969 sum
316 2889 629 2996 descendendo,
667 2918 759 2974 cum
784 2912 913 2978 tamen
942 2901 1039 2981 cella
1068 2901 1214 2986 ibidem
1240 2900 1348 2980 nulla
1372 2891 1560 3008 superfit,

207 2993 505 3072 transferuntur
530 2992 577 3073 ad
603 2995 767 3096 primam
791 3000 1006 3080 finistimam
1033 3009 1169 3086 cellam
1195 2999 1374 3106 ejusdem
1408 2991 1560 3072 ordinis

208 3091 477 3171 horizontalis.
529 3095 635 3196 A'st,
660 3097 1044 3209 fisorteobtingat,
1070 3123 1115 3188 ut
1139 3127 1331 3188 numerus
1348 3095 1560 3204 quispiam,

207 3193 281 3272 hac
298 3208 491 3294 perpetua
504 3195 660 3274 ratione
684 3197 983 3309 disponendus,
1009 3209 1187 3290 incurrat
1213 3209 1255 3286 in
1279 3207 1449 3298 cellam,
1479 3197 1556 3276 alio

207 3297 283 3397 iam
307 3317 475 3374 numero
505 3315 766 3400 occupatam,
800 3323 973 3402 ponatur
996 3308 1062 3385 ille
1088 3331 1275 3388 numerus
1297 3300 1554 3381 finistrorsum

208 3397 249 3496 in
266 3397 363 3476 cella
385 3397 586 3477 inferioris
605 3400 786 3500 ordinis,
813 3409 940 3488 veluti
965 3404 1112 3488 fastum
1134 3410 1188 3489 est
1209 3430 1300 3485 cunr
1319 3423 1487 3480 numero
1504 3399 1554 3498 6,

208 3501 279 3679 quti
297 3496 474 3602 ²¹50q¹²i1¹
489 3498 701 3602 ponendus
717 3501 847 3586 suiffet
863 3509 905 3592 in
935 3511 1071 3590 cellam
1089 3565 1109 3617 ,
1130 3509 1281 3592 unitate
1302 3503 1414 3607 prius
1432 3523 1559 3582 occu·

204 3624 254 3704 pa
272 3621 344 3678 am.

310 3807 394 3880 Hac
411 3802 574 3884 aliorum
596 3809 918 3916 subsequentium
943 3839 1202 3898 numerorum
1219 3808 1469 3914 dispositione
1486 3805 1552 3887 ad·

207 3919 373 4004 ornata,
401 3903 481 3984 srve
506 3910 749 4008 verticales,
786 3915 867 3994 five
890 3914 1187 4021 horizontales,
1223 3917 1303 3996 five
1327 3911 1549 4012 diagonales

203 4029 461 4086 numerorum
481 4005 640 4090 ordines
662 4011 892 4116 addideris,
928 4016 1007 4098 five
1036 4024 1151 4100 etiarn
1176 4037 1364 4099 numeros
1391 4009 1550 4088 cellula-

203 4131 328 4208 rum,
354 4107 489 4189 iisdem
509 4110 632 4192 literis
656 4115 806 4216 sparfim
833 4116 1133 4224 insignitarum,
1167 4117 1405 4224 produemm
1431 4111 1550 4190 habe·

200 4207 261 4292 bis
277 4226 518 4315 perpetuum
534 4237 743 4300 numerum
760 4222 824 4322 65.
849 4222 1016 4401 LPorro
1033 4226 1057 4308 6
1073 4225 1203 4312 literae
1218 4225 1300 4312 AB
1312 4213 1477 4407 01³2}
1493 4233 1549 4294 eo

252 4379 258 4390 ,
404 4331 444 4383 tif
459 4374 462 4380 ,
481 4333 489 4342 ‘
1388 4349 1435 4409 οι·
1464 4346 1496 4402 1·
