3884 4948
499 509 570 582 ou
592 507 950 581 rnncrrouuous
969 506 1311 582 nunmuonum.
1518 539 1556 608 ς,

238 704 372 784 44003
397 703 529 759 novus
549 678 707 760 demum
735 683 948 758 denominetur
962 701 1011 758 ex
1034 677 1361 781 multiplicatione
1380 683 1593 786 utriusque

244 793 353 864 lnter
370 782 427 882 se,
446 807 588 882 nempe
611 797 671 873 18.
722 785 843 860 Nunc
860 779 1177 880 minornuurrrerer
1195 799 1268 876 225
1281 805 1423 885 nempe
1448 789 1593 888 {Cen-

236 882 383 980 ,tenarii
407 935 421 983 ,
449 907 543 986 quae
561 883 768 984 deperdita
795 884 884 984 est‚
919 884 1156 962 subtrahitur
1181 905 1202 958 a
1226 883 1363 982 majori
1382 911 1512 990 4400,
1553 887 1593 966 de

246 986 505 1066 remanebunt
540 1004 655 1084 4175.
709 989 835 1065 Porro
867 987 966 1065 hanc
998 986 1230 1066 fruitionem
1250 997 1366 1090 fleg*
1391 989 1518 1070 reduc
1543 987 1592 1068 ad

242 1087 411 1166 eundem
426 1089 689 1164 denominatarum
699 1110 790 1167 cum
801 1086 980 1190 pondere
997 1089 1116 1166 unius
1132 1087 1237 1187 globi
1255 1087 1593 1190 sclopetariinem-

239 1213 290 1290 pe
308 1213 398 1266 cum
428 1197 451 1290 -72-
467 1187 586 1266 librae
603 1242 618 1288 ,
638 1189 685 1267 'dt
703 1187 928 1269 deculiatim
947 1187 1245 1291 multiplicando
1270 1215 1481 1272 numeratores
1499 1217 1593 1270 cum

243 1290 525 1367 denomiuurortius
570 1287 717 1370 rodibit
734 1315 863 1370 novus
880 1313 1061 1368 numerator
1082 1287 1284 1390 sinistimus⁸
1302 1294 1367 1391 36,
1397 1292 1592 1374 dextimus

239 1415 340 1469 vero
358 1405 496 1495 29225·
541 1317 701 1472 duride
717 1394 854 1470 rursus
879 1387 1096 1470 dextlnnum
1122 1413 1345 1468 nunururrrem
1370 1417 1443 1506 per
1459 1397 1592 1476 finisti-

237 1515 345 1570 mum
365 1548 379 1594 ,
406 1493 444 1572 dr
463 1491 639 1591 prodibit
658 1493 805 1574 saltum
828 1503 975 1596 8113-31.
1028 1499 1110 1573 Tot
1127 1515 1269 1592 nempe
1286 1493 1390 1594 globi
1401 1495 1590 1595 sclopeto-

238 1593 320 1692 rii,
351 1617 525 1698 quorum
551 1595 718 1696 quilibet
745 1606 773 1698 ξ
800 1595 914 1675 libras
946 1592 1162 1694 appendit,
1199 1595 1360 1674 formari
1388 1618 1439 1672 ex
1464 1594 1530 1673 illo
1547 1599 1592 1676 li·

242 1711 364 1811 quato
383 1693 546 1794 plumbo
567 1712 770 1804 poterunt.
821 1693 975 1776 Frailio
991 1719 1091 1776 vero
1109 1693 1268 1778 denotat
1285 1698 1448 1800 globum
1465 1697 1590 1780 mino-

238 1795 292 1876 nt
310 1794 500 1904 ponderis
520 1821 634 1901 quam
653 1809 683 1905 -ζ-
704 1798 833 1895 librae.
1092 1801 1097 1810 '
1246 1821 1250 1832 ·

677 1996 1175 2154 oniurx.

277 2205 361 2310 De
379 2207 572 2339 Regula
585 2195 837 2329 Trium&
856 2213 1188 2338 Proportione
1206 2207 1544 2316 Numerorum.

243 2425 278 2525 ς.
300 2433 366 2524 78.
393 2427 553 2561 Rigida
582 2435 719 2516 Trium,
753 2449 849 2530 quae
877 2423 916 2506 dt
940 2453 1035 2504 auree
1062 2437 1263 2526 vocatur,
1299 2425 1424 2508 docet.
1440 2427 1489 2504 ex‘
1505 2430 1595 2506 darie

479 2528 579 2605 tribus
609 2540 743 2608 numeris
763 2528 1051 2640 proportionalibus
1079 2542 1113 2608 in
1136 2539 1333 2634 coguitionem
1352 2543 1462 2636 quarti
1482 2535 1592 2610 itidem

230 2636 473 2744 proportioneiir
490 2631 643 2736 devenire.

338 2829 512 2931 Respicit
531 2829 665 2936 itaque
684 2837 799 2938 Regula
824 2843 932 2912 litum
950 2824 1280 2932 proportionem,
1311 2832 1420 2933 quod
1444 2855 1588 2935 nempe

244 2945 407 3032 quartus
435 2955 655 3034 numerus„
692 2935 761 3036 qui
789 2933 1023 3038 quaeritur,
1069 2933 1183 3008 talem
1210 2937 1511 3032 proportionem
1535 2931 1585 3014 ad

223 3029 401 3112 tertium
417 3032 561 3114 hebere
579 3034 719 3117 debeat
735 3089 750 3137 ,
778 3039 934 3141 qualem
959 3036 1074 3116 habet
1090 3032 1286 3154 secundus
1303 3030 1350 3113 ad
1366 3035 1550 3138 primum.

225 3237 274 3339 '§.
292 3259 357 3342 79.
385 3239 544 3373 Riguis
566 3247 676 3320 Trium
694 3243 747 3320 lta
764 3238 965 3341 peragitur
985 3268 995 3316 ε
1017 3237 1099 3317 duo
1115 3235 1302 3334 numeri,
1330 3253 1501 3338 quorum
1512 3267 1585 3320 no-

357 3343 360 3350 ’
470 3359 509 3419 ta
526 3341 581 3420 est
598 3340 645 3420 ad
662 3341 832 3420 invicem
846 3352 1034 3446 proportio,
1059 3333 1332 3414 adscribuntur·
1352 3387 1367 3435 5
1392 3337 1585 3440 incipien-

240 3439 293 3518 do
310 3465 330 3516 a
345 3439 500 3521 linistris
524 3497 538 3545 ,
565 3459 611 3523 ut
627 3441 781 3546 virgula
797 3440 842 3521 stt
864 3439 968 3518 inter
991 3453 1211 3540 utrumque
1237 3435 1470 3536 interiesta:
1497 3441 1585 3541 post

221 3541 453 3623 iecundnm
479 3599 492 3646 ‚
527 3545 725 3624 mediante
749 3543 896 3647 pariter
921 3540 1076 3643 virgula
1102 3594 1115 3642 ,
1152 3535 1386 3619 adscribitur
1409 3542 1584 3646 tertius,

235 3642 566 3740 cuiusnumerus
591 3653 833 3754 proportionalis
859 3643 1089 3746 quaeritur,
1123 3642 1194 3748 qui
1220 3643 1364 3723 eodem
1389 3645 1509 3724 modo
1540 3645 1581 3726 se

238 3745 376 3823 habeat
394 3747 441 3826 ad
469 3759 624 3841 terium,
651 3746 750 3827 stcu't
772 3747 923 3844 secundus
945 3745 992 3826 ad
1015 3761 1186 3854 primum3
1227 3746 1343 3823 'him'
1359 3769 1455 3824 vero
1473 3755 1584 3826 tertius

238 3868 429 3926 numerus
445 3847 728 3948 multiplicatur
747 3873 820 3950 per
824 3850 1021 3948 strumum,
1047 3849 1092 3924 a'c
1101 3847 1290 3951 produt‘luru
1310 3845 1584 3948 dividiturper

234 3971 445 4026 numerum
456 3965 611 4057 primum.
661 3955 811 4052 Ques,
838 3944 931 4025 inde
949 3947 1016 4052 qui
1031 3946 1215 4052 provenit
1235 4000 1249 4060 2
1277 3946 1462 4048 exprimit
1479 3977 1580 4052 quur·

229 4069 300 4127 tum
317 4073 526 4130 numerum
549 4049 793 4153 quaefitum,
824 4045 894 4152 qui
923 4053 1038 4132 talem
1063 4063 1365 4157 proportionem
1383 4047 1582 4130 adamum

229 4147 344 4230 habet
363 4205 376 4252 ‚
405 4154 560 4256 qualem
570 4149 725 4258 secundus
742 4151 790 4234 ad
806 4151 991 4256 primum.

833 4359 872 4438 H
904 4380 930 4442 a
1443 4353 1532 4436 No.
