3850 4948
422 505 492 580 nn
515 501 716 578 nnuma
739 498 921 588 rmum,
947 498 1240 574 &rnoronu
1261 501 1389 572 num.
1511 515 1550 596 ες

239 661 594 776 numerusr7'523
628 668 739 776 quod
765 669 871 750 enim
887 668 960 750 uni
985 671 1132 760 areolae
1152 670 1214 752 est
1238 667 1477 775 demptum,
1509 668 1588 755 hoc

247 781 359 862 alteri
379 779 562 879 acceffit3
598 775 650 854 ast
678 775 719 852 in
739 771 952 875 utriusque
971 771 1187 852 immutatae
1214 775 1361 856 areolae
1379 773 1481 854 linea
1494 793 1587 849 ver-

244 882 352 963 ticali
372 877 693 982 deprehendetur
718 897 860 977 error3
895 872 1032 977 itaque
1055 889 1102 954 ut
1131 874 1170 954 dc
1194 873 1259 954 hic
1284 876 1444 954 tollatur
1462 899 1485 952 e
1500 896 1583 952 me-

242 971 347 1085 dio,
375 979 570 1061 desc'e'nde'
599 978 640 1057 in
665 974 791 1079 prim'o
816 973 957 1056 ordine
982 973 1163 1056 sinistimu
1186 974 1364 1056 verticali
1379 977 1508 1080 usque
1535 971 1584 1054 ad

247 1101 420 1190 quartam
439 1082 638 1180 areolam,
666 1077 704 1156 &
723 1101 842 1179 quem
864 1097 1074 1158 numerum
1093 1100 1163 1182 331
1185 1078 1382 1179 supremae
1405 1077 1583 1178 ejusdem

241 1183 391 1266 ordinis
409 1183 567 1264 cellulae
587 1177 806 1282 dempsisti,
833 1177 958 1280 adjice
980 1203 1149 1260 numero
1176 1203 1252 1284 349
1268 1199 1314 1260 ut
1330 1179 1376 1260 fit
1390 1181 1481 1272 680.
1532 1182 1593 1264 Et.

237 1285 340 1366 sabia
354 1287 425 1366 hac
443 1281 713 1364 immutatione
730 1278 943 1382 proveniet
960 1280 1075 1360 etiam
1093 1307 1145 1362 ex
1159 1283 1287 1382 primo
1302 1279 1586 1362 sinistimo-ver·

238 1388 346 1468 ticali
362 1384 504 1466 ordine
535 1383 625 1464 anni
649 1379 814 1462 labentis
838 1403 1062 1483 numerus,
1088 1406 1231 1483 nempe
1252 1399 1379 1480 1752:
1407 1380 1584 1482 procede

240 1490 288 1570 ad
309 1506 483 1593 quartam
500 1488 710 1586 cellulam,
736 1482 777 1578 ip
803 1507 881 1586 qua
906 1483 997 1562 loco
1022 1505 1098 1588 359
1122 1485 1373 1582 ponebantur
1391 1485 1499 1588 690,
1527 1499 1582 1562 at·

239 1615 322 1696 que
339 1615 389 1670 ex
404 1593 477 1670 hae
493 1584 689 1666 descende
715 1581 761 1661 ad
788 1605 963 1688 quartam
981 1586 1022 1666 in
1045 1583 1223 1663 verticali
1244 1584 1418 1685 ordine,
1444 1583 1486 1663 in
1504 1608 1584 1700 qua

235 1693 380 1774 cellula
403 1711 614 1772 numerum
634 1705 704 1789 351
727 1684 1035 1789 deprehendes,
1069 1685 1163 1790 huic
1186 1711 1354 1768 numero
1378 1684 1493 1766 deme
1510 1700 1583 1766 rte-

233 1797 328 1872 ·rum
347 1813 446 1893 331,
475 1812 570 1906 quae
587 1787 779 1889 superiori
798 1811 965 1868 numero
989 1789 1106 1890 hujus
1126 1785 1324 1870 ‘verticalis
1350 1786 1498 1870 ordinis
1517 1811 1584 1864 anr-

236 1893 351 1976 tehac
373 1889 574 1995 adjecisti,
602 1892 640 1971 dr
665 1890 925 1970 remanebunt
943 1914 993 1975 20
1012 1944 1027 1993 ,
1065 1913 1148 1994 quo
1171 1891 1286 1974 etiam
1309 1889 1415 1991 fiet,
1448 1905 1495 1970 ut
1516 1887 1582 1969 hic

235 1993 431 2078 verticalis
450 1991 575 2094 ordo,
594 1992 743 2072 sublato
764 2012 901 2070 errore
920 2048 934 2091 ,
962 1991 1097 2071 denuo
1114 2016 1259 2074 annum
1287 2009 1387 2094 1752
1405 1990 1583 2093 comple·

108 2167 111 2176 .
231 2099 376 2179 statur.
427 2094 579 2194 ‚Atque
600 2091 655 2171 fic
678 2115 783 2170 unus
800 2108 934 2176 certus
954 2115 1144 2171 numerus
1162 2094 1348 2179 industus
1366 2093 1444 2194 est,
1471 2115 1583 2172 nern-

232 2225 284 2302 pe
305 2220 386 2300 17,
412 2197 639 2372 interrupto
661 2189 824 2296 quidem
841 2189 1117 2293 progressionis
1136 2193 1277 2276 ordine
1295 2235 1321 2296 ,·
1336 2209 1518 2274 manente
1527 2211 1583 2272 ta·

232 2325 324 2380 men
341 2295 467 2402 priori
483 2317 558 2395 pro
589 2292 715 2396 usto,
743 2315 885 2394 nempe
911 2310 1025 2391 1752.
1468 2361 1473 2400 ,

329 2517 456 2614 Perge
471 2507 546 2609 jani
571 2505 619 2588 ad
643 2508 806 2612 primam
844 2507 1090 2609 superiorem
1120 2512 1333 2596 dextimam
1373 2511 1576 2616 areolam,

230 2615 351 2716 eique
364 2615 456 2690 loco
481 2635 588 2710 340,
620 2609 793 2714 inscribe,
812 2635 857 2704 41
886 2636 900 2713 3
933 2627 980 2690 ut
1012 2613 1197 2695 nimirum
1219 2645 1342 2700 annus
1356 2613 1490 2716 natalis
1510 2623 1580 2696 Se·
1609 2643 1613 2650 ·

170 2699 182 2722 '
229 2711 414 2796 reniffimi
431 2707 672 2794 Archiducis
688 2713 999 2814 repraesentetur
1016 2737 1130 2815 1741.
1180 2723 1521 2835 Retnanebuntpp
1560 2769 1576 2814 ,

230 2837 353 2922 quem
386 2835 599 2894 numerum
631 2813 831 2895 residuum
855 2811 956 2891 adde
992 2835 1148 2918 quartee
1178 2822 1294 2903 cellae
1318 2819 1434 2923 primi
1469 2742 1578 2896 ordi-

229 2918 290 2997 nis
311 2913 566 2998 horiuontalis
594 2939 615 2992 a
634 2914 771 3014 dextra
787 2915 970 2997 sinistram
981 2919 1118 3016 versus
1136 2923 1340 3022 pergendo
1357 2979 1373 3025 ,
1399 2937 1445 2998 ut
1466 2928 1578 2998 'nem-

226 3042 280 3122 pe
308 3019 401 3096 loco
424 3018 526 3119 361,
552 3013 648 3096 fiant
674 3017 765 3099 660.
816 3021 947 3110 Totus
971 3019 1151 3121 superior
1184 3022 1285 3104 ordo
1320 3018 1575 3124 horizontasis

227 3117 431 3199 exhibebit
446 3117 521 3197 hos
539 3141 728 3208 numeros
749 3137 797 3221 η
821 3137 867 3197 -1-
892 3119 968 3201 660
1001 3145 1046 3212 -t-
1072 3143 1147 3225 344
1173 3150 1218 3210 -t-
1240 3128 1321 3231 690
1346 3150 1392 3210 -ι-
1418 3127 1483 3240 41¹,
1561 3118 1572 3135 '

161 3321 166 3328 .
228 3219 542 3299 numeri-omnes
559 3217 599 3298 in
620 3243 744 3300 unum
767 3216 922 3300 collefti
947 3247 1029 3301 non
1060 3222 1183 3302 modo
1209 3215 1351 3306 atinum
1378 3245 1477 3322 1752
1501 3151 1573 3325 dg-

220 3319 414 3422 nificant,
440 3343 580 3400 verum
599 3321 712 3401 etiam
740 3323 781 3403 in
802 3319 925 3423 prima
956 3373 971 3422 ,
1004 3323 1044 3400 dr
1066 3321 1203 3402 ultima
1235 3327 1332 3403 cella
1359 3323 1572 3402 ostendunt

227 3445 373 3502 annum
393 3421 602 3508 nativitatis
622 3445 657 3499 1,
672 3449 733 3516 41.
784 3429 942 3522 Porro,
970 3424 1063 3524 quia
1089 3423 1229 3526 primae
1256 3421 1450 3542 superiori
1465 3423 1575 3502 {dex-

225 3524 335 3605 timae
351 3527 497 3640 areolae
513 3445 729 3606 subtraitus
755 3525 812 3606 est
835 3547 1025 3626 numerus
1043 3549 1150 3632 299,
1186 3528 1224 3608 &
1248 3553 1341 3632 quia
1370 3525 1475 3644 idenp
1497 3549 1571 3603 nu-

227 3649 359 3706 merus
380 3625 535 3706 addrtus
557 3625 634 3706 suit
651 3630 765 3710 991199
790 3641 945 3731 quartae
964 3626 1143 3727 ejnsdenr
1172 3625 1321 3712 ordinis
1345 3628 1572 3710 horizonta-

227 3727 307 3830 lis,
336 3727 427 3806 ideo
448 3751 499 3805 ex
528 3743 701 3832 utraque
724 3731 796 3808 hac
829 3732 928 3808 cella
947 3731 1189 3812 verticaliter
1214 3733 1261 3814 ad
1295 3748 1470 3838 quartam
1502 3730 1570 3811 de-

226 3827 404 3929 scende,
441 3827 660 3932 &quartae
692 3831 809 3910 cellae
838 3831 1016 3910 venienti
1044 3833 1161 3936 primi
1184 3834 1350 3916 dextimi
1377 3833 1567 3936 ordinis,

229 3953 326 4030 quae
345 3949 420 4033 359
445 3929 603 4034 resert,
640 3929 740 4010 adde
768 3955 886 4048 299,
919 3947 966 4012 ut
1006 3935 1080 4015 srnt
1112 3938 1216 4034 658:
1240 3955 1408 4038 gquartae
1439 3949 1570 4010 autern

228 4031 345 4110 cellae
369 4029 546 4111 verticali
601 4029 702 4112 uarti
720 4033 870 4113 ordinis
922 4037 964 4138 (a
989 4035 1136 4116 dextris
1163 4037 1368 4139 pergendo
1387 4033 1570 4114 sinistram

228 4131 388 4237 versus)
437 4140 505 4211 cul
530 4061 739 4237 indemptus
758 4135 812 4215 est
829 4161 1018 4218 numerus
1044 4156 1118 4238 355
1144 4193 1158 4242 ,
1193 4139 1372 4219 subtrahe
1398 4159 1498 4242 299,
1523 4155 1571 4218 ut

227 4233 303 4316 sint
319 4233 383 4333 56.
468 4233 598 4320 urunt
622 4237 756 4342 itaque
791 4259 927 4322 omnes
947 4239 1108 4421 pumeri
1137 4239 1286 4327 ordinis
1316 4240 1569 4322 horizontalis

340 4362 347 4368 ’
996 4361 1020 4444 3
1393 4361 1523 4454 ΨΥ·
