3884 4948
620 465 689 540 DE
711 461 1182 538 MULTIPLICATIONE.
1501 483 1550 557 33,
1701 570 1704 576 Ι

617 635 1078 731 PROPOSITIO
1138 635 1197 724 Π.

230 785 264 884 §⁴
289 796 354 884 35.
454 775 535 857 Um
551 775 691 878 globus
710 771 863 854 telluris
880 772 922 854 in
943 774 1018 875 360
1044 768 1187 872 gradus
1217 764 1363 848 divisus
1378 765 1457 871 fit,
1496 773 1584 875 qui.

485 877 581 959 libet
600 897 734 958 autem
751 875 897 979 gradus
924 877 964 955 in
987 873 1157 952 maximo
1179 870 1331 952 circulo
1349 872 1397 954 ad
1426 888 1473 968 15
1499 875 1583 954 mil.

231 981 338 1064 liaria
354 981 574 1085 germanica
591 979 853 1084 extendatur3
882 975 1082 1058 beneficio
1099 983 1365 1083 multiplicationis
1375 973 1555 1076 reperire
1570 1001 1583 1079 3

233 1103 421 1191 quomam
439 1083 614 1163 milliaria
632 1085 783 1164 telluris
804 1080 1029 1186 peripheria
1052 1076 1217 1158 maxima
1233 1074 1545 1176 complectatur?

288 1339 293 1348 ,
330 1260 463 1340 Primo
484 1256 625 1339 ordine
643 1253 808 1359 ponitur
823 1257 949 1357 major
973 1285 1123 1336 numerus
1141 1255 1395 1354 multiplicandus
1420 1253 1509 1352 360.
1530 1257 1589 1342 in.

230 1363 291 1442 sta
304 1362 412 1442 hunc
429 1361 594 1462 ponitur
609 1390 757 1438 numerus
772 1367 878 1436 multi·
1066 1357 1142 1459 360
1172 1355 1309 1431 Gradus.
1582 1445 1585 1452 .

67 1483 74 1492 ·
252 1475 354 1544 licam
367 1485 438 1567 153
470 1463 569 1544 faeta
593 1458 738 1542 deinde
755 1461 882 1541 lineo·
1095 1475 1142 1555 15
1170 1462 1328 1534 uultum
1344 1467 1436 1537 unius
1449 1463 1587 1546 Gradus.

227 1495 269 1647 ia
285 1565 462 1647 dicatur:
521 1577 664 1670 uinqur'cr
679 1569 807 1640 nullius
826 1565 882 1644 est
970 1573 1142 1596 ...---

237 1666 412 1771 danique
427 1599 610 1768 nuditas,
637 1667 737 1746 hanc
753 1671 879 1743 nasara-

212 1796 298 1874 ¹tam
316 1771 387 1850 seu
404 1775 550 1878 cypbram
594 1791 672 1852 one
690 1765 760 1846 sub
792 1769 881 1846 cha·

237 1870 438 1969 restere5.
465 1889 548 1952 tum
559 1797 733 1952 dicatur:
763 1869 881 1973 quin·

269 1973 356 2056 uies
376 1975 401 2054 6
418 1975 509 2054 sunt
529 2000 602 2078 303
631 1971 766 2050 rursus
787 1977 935 2078 cyplram
950 1973 1021 2052 sub
1039 1970 1264 2052 charactere
1283 1975 1307 2054 6
1325 1974 1365 2057 in
1375 1979 1466 2057 loco
1476 1977 1591 2058 deca·

239 2003 334 2156 dum
353 2100 482 2178 ponec
509 2080 720 2156 numerum
739 2098 838 2151 vero
856 2072 1049 2154 decadum
1069 2096 1092 2174 3
1111 2131 1126 2174 ,
1164 2073 1234 2178 qui
1259 2079 1439 2160 remansit
1466 2134 1481 2182 ,
1516 2105 1592 2180 pro

236 2177 565 2279 multiplicatione
591 2173 791 2278 sequentis
816 2179 973 2256 numeri
997 2178 1186 2276 reserva,
1224 2175 1425 2260 dicendo:
1478 2196 1541 2260 ter
1569 2203 1590 2280 5

234 2280 337 2462 {pap
346 2297 421 2382 15,
446 2278 672 2384 additisque
690 2274 763 2356 illis
776 2297 825 2381 3,
853 2277 1056 2378 prodeunt
1073 2289 1136 2371 18.
1149 2299 1245 2383 quae
1257 2277 1349 2360 loco
1367 2281 1507 2364 ultimo
1524 2283 1596 2366 ad·

275 2405 310 2464 aa
339 2403 410 2462 es.⁴
555 2418 568 2428 -
878 2445 879 2448 a

339 2573 446 2650 Tum
464 2563 580 2646 transr
595 2529 647 2646 {d
665 2561 883 2647 secundum
911 2565 1497 2674 numerumpmultiplicantemg
1534 2567 1593 2650 di-

238 2668 369 2751 cendo
391 2700 400 2749 :
428 2667 590 2750 semeio
611 2667 666 2748 est
682 2668 776 2748 item
797 2697 821 2748 0
840 2695 854 2768 3
882 2667 981 2746 hanc
1000 2671 1218 2748 nullitatem
1236 2667 1338 2748 insra
1355 2671 1396 2750 in
1425 2675 1518 2770 loco
1535 2672 1595 2753 se-

240 2773 378 2853 cundo
396 2794 541 2872 nempe
558 2773 709 2850 decadum
736 2768 925 2850 adscribe.
969 2774 1096 2873 Perge
1114 2769 1161 2848 ad
1179 2769 1218 2848 se
1248 2787 1428 2875 nentem,
1457 2773 1592 2859 &dica

237 2875 355 2956 semel
375 2876 400 2954 6
418 2873 508 2953 sunt
528 2871 552 2949 6
568 2928 584 2974 ,
610 2871 719 2952 hunc
736 2871 1000 2954 characterem
1021 2871 1125 2950 infra
1143 2885 1164 2963 8
1184 2798 1334 2970 intpqco
1347 2873 1464 2954 tertio
1484 2899 1596 2956 nem·

239 3005 293 3081 pe
312 2990 526 3056 centuriarum
546 2973 721 3056 adscribe
749 2999 764 3075 3
797 2974 955 3054 tandem
974 2975 1219 3078 progredere
1245 2971 1445 3057 dicendo:
1474 2975 1592 3056 semel

243 3103 266 3182 3
284 3080 373 3159 sunt
391 3100 430 3180 3.
458 3075 697 3180 deponeque
715 3073 976 3155 characterem
993 3077 1103 3157 hunc
1121 3092 1144 3177 3
1162 3073 1202 3154 in
1220 3075 1312 3154 loco
1329 3094 1473 3181 quarto
1484 3103 1594 3160 nem·

96 3201 125 3225 ⁶·
240 3206 292 3286 pe
310 3187 571 3258 millenariorum.
625 3174 748 3358 guad
768 3177 795 3258 fi
819 3181 891 3260 hos
920 3177 1020 3257 duos
1047 3201 1236 3258 numeros
1263 3193 1351 3279 apte
1376 3182 1594 3262 collocatos

243 3296 360 3386 1800,
383 3283 421 3362 δι
439 3283 516 3384 360
532 3278 624 3359 addi
654 3277 732 3360 eris
761 3282 815 3382 (l.
834 3283 907 3384 24)
940 3279 1148 3362 habebitur
1165 3300 1356 3363 numerus
1372 3280 1600 3376 milliarium

236 3393 421 3497 Peripbarsae
436 3395 582 3461 maxima
603 3390 736 3466 Telluris
755 3398 870 3481 5400.
1036 3399 1038 3404 '

345 3573 446 3650 Nam
464 3557 655 3650 uumerus
673 3567 855 3671 superior
872 3561 1153 3668 multiplicatus
1173 3565 1229 3645 est
1243 3587 1317 3668 per
1345 3582 1366 3665 s
1391 3563 1563 3648 unitates
1579 3595 1594 3674 3
1623 3623 1628 3628 ·

245 3687 331 3754 tum
350 3673 466 3756 etiam
486 3669 767 3776 multiplicatus
794 3672 851 3750 est
866 3695 939 3774 per
963 3694 1081 3748 unam
1097 3668 1316 3750 decadem:
1352 3693 1449 3772 ergo
1475 3671 1595 3752 toties

243 3774 525 3892 multiplicatus
544 3775 624 3875 est,
660 3791 760 3880 quot
777 3795 967 3856 numerus
986 3771 1154 3852 inferior
1177 3769 1440 3876 multiplicans
1466 3773 1596 3856 conti-

239 3895 311 3959 net
327 3894 514 3960 unuates.
1138 3905 1141 3912 “

640 3974 1078 4069 SCHOLION
1136 3977 1195 4066 Π.

234 4115 268 4222 ς.
295 4112 361 4220 36.
440 4117 705 4194 Inumerum
738 4113 909 4216 aliquem
931 4137 973 4188 v.
1005 4133 1044 4212 g.
1103 4127 1232 4224 sper
1260 4131 1308 4190 10
1334 4106 1596 4208 multiplicare

387 4115 440 4297 S
467 4229 679 4326 oporteat,
704 4213 801 4299 nihil
819 4211 1017 4402 aeceElsum
1036 4129 1108 4318 ed,
1135 4211 1206 4297 rusa
1221 4233 1391 4296 numero
1408 4207 1597 4396 magala-›li-
