3884 4948
389 512 437 584 44
713 496 1073 570 Ammmsstcm
1095 495 1257 565 cneus
1283 497 1324 566 x.
1362 449 1368 457 ⁵

352 665 385 761 §.
408 682 493 744 101.
506 657 716 793 PRoportio
732 667 804 742 elia
818 667 875 744 est
890 675 1106 774 aquationis,
1140 665 1210 742 alia
1235 666 1291 745 est
1313 667 1542 774 inqualitate.
1601 667 1696 746 Pro·

599 764 731 862 portio
748 765 936 872 aquilium
951 787 1049 848 tunc
1057 766 1247 868 habetur,
1276 789 1367 847 cum
1384 791 1487 845 unus
1506 789 1694 845 numerus

349 879 416 944 aut
435 867 629 970 quantitas
648 867 764 945 alium
782 865 966 972 adaequat
991 895 1033 946 v.
1053 891 1090 968 g.
1110 875 1189 966 3><
1207 891 1363 958 4:112
1380 924 1395 968 ,
1432 867 1471 946 δι
1495 870 1580 965 6)(
1597 893 1621 950 2
1639 891 1696 942 z

349 991 412 1062 12·
465 966 675 1068 Propontio
687 973 906 1077 ἐπεφύκει)
922 973 993 1070 est,
1021 969 1117 1047 dum
1133 971 1230 1048 alter
1249 969 1422 1048 duorum
1439 990 1697 1049 numerorum

350 1072 517 1149 altemm
537 1067 710 1148 excedit.
764 1075 865 1148 Haec
890 1090 1020 1152 autem
1045 1071 1178 1148 rursus
1203 1070 1361 1170 duplex
1387 1071 1469 1148 est:
1519 1076 1696 1162 rationalis,

349 1175 388 1250 δι
404 1173 613 1250 irrationalis.
666 1177 842 1249 Rationalis
860 1173 936 1272 est,
966 1196 1057 1278 quae
1074 1172 1248 1252 numeris
1267 1169 1434 1272 exprimi
1449 1173 1588 1269 potest.
1601 1198 1641 1248 v.
1658 1193 1695 1270 g.

347 1269 559 1372 Propertio
578 1269 682 1349 inter
700 1295 746 1374 3,
775 1271 812 1350 oz
831 1295 856 1374 9
873 1283 1035 1354 rationalis
1050 1273 1128 1376 est3
1165 1270 1311 1352 etenim
1337 1273 1446 1372 prior
1473 1295 1698 1352 numerosa

349 1369 568 1474 posteriore
585 1385 649 1450 ter
667 1374 886 1475 superatur.
941 1381 1132 1454 irrationalis
1148 1375 1225 1472 est,
1254 1397 1348 1476 quae
1375 1375 1549 1453 numeris
1570 1374 1699 1477 expri-

349 1473 403 1552 mi
424 1473 577 1578 nequit.
608 1498 648 1588 u.
667 1499 706 1576 g.
758 1477 968 1592 Propertio
987 1477 1092 1553 inter
1109 1497 1157 1575 3,
1185 1475 1294 1555 &1o.
1347 1479 1440 1553 Non
1450 1474 1576 1575 potest
1594 1475 1698 1552 enim

347 1578 664 1760 hffilcbproporuo
682 1599 856 1656 numeris
883 1576 1086 1681 exprimi,
1122 1574 1189 1656 sed
1213 1573 1269 1654 est
1294 1575 1491 1656 necessum
1509 1580 1698 1681 sraffiomm

350 1705 371 1758 a
426 1703 438 1756 1
468 1696 551 1756 ere.

351 1881 386 1979 §.
406 1903 494 1964 102.
507 1879 640 2012 Ratio
655 1885 814 1986 conopoſsea
832 1880 912 1982 est,
940 1880 1212 1987 cuiusexponms
1224 1874 1524 1980 estproduetum
1541 1879 1701 1956 exmul·

416 1987 420 1996 “
593 1978 775 2080 tiplicotis
795 1983 899 2062 inter
926 1983 965 2059 st
983 1981 1142 2060 aliarum
1170 1979 1396 2084 exponentibus.
1451 1983 1558 2056 Seu:
1605 2001 1700 2080 quae

353 2079 424 2182 fit,
459 2105 552 2161 cum
570 2103 651 2161 non
668 2098 818 2163 tantum
837 2087 1071 2184 antecedentes,
1109 2077 1175 2162 ¹sed
1201 2081 1315 2160 etiem
1339 2082 1548 2184 consequentes
1566 2093 1701 2159 rationes

352 2182 395 2268 in
410 2183 449 2264 se
467 2185 699 2288 ducuntur,
729 2187 768 2265 oz
784 2213 899 2263 novam
918 2199 1072 2264 rationem
1089 2182 1283 2263 efficiunt.
1300 2207 1351 2260 ·v.
1365 2206 1401 2283 g.

562 2319 689 2399 Prima
706 2321 805 2399 ratio
824 2319 869 2400 fit
973 2343 1011 2423 3.
1067 2321 1104 2399 6.

566 2419 750 2497 Secunda
975 2445 1013 2512 4.
1069 2433 1105 2511 8.

457 2559 719 2658 3Ducuntur
732 2555 774 2636 in
794 2581 841 2661 4,
871 2559 1163 2658 &productum
1184 2559 1347 2662 erit127
1387 2561 1412 2640 6
1439 2558 1636 2638 ducantur
1662 2525 1703 2637 in

354 2669 404 2758 8,
434 2658 563 2738 &erit
581 2657 820 2760 produstum
839 2672 900 2752 48.
957 2671 1051 2738 Ratio
1072 2687 1117 2744 12
1138 2663 1184 2742 ad
1204 2677 1276 2764 48,
1305 2661 1449 2743 dicitur
1473 2675 1555 2740 rm'o
1576 2689 1700 2768 compo·

344 2767 408 2863 fita
427 2787 480 2839 ex
496 2773 611 2840 ratione
629 2783 650 2863 3
669 2759 717 2840 od
736 2763 785 2862 6,
813 2763 920 2841 &ex
938 2761 1090 2844 ratione
1109 2790 1132 2858 4
1149 2761 1196 2842 ad
1212 2777 1253 2854 8.

355 2963 390 3061 ᾖ.
411 2982 500 3062 103.
604 2962 707 3046 Liud
725 2941 781 3044 est
798 2981 927 3045 autem
944 2979 1025 3044 ratio
1044 2967 1160 3070 dupla,
1197 2961 1302 3045 aliud
1319 2977 1399 3042 ratio
1425 2965 1589 3070 duplicata
1605 2976 1705 3042 ratio·

631 3077 691 3142 nis.
744 3075 837 3142 Ram
855 3069 952 3172 dupla
971 3067 1025 3144 est
1042 3068 1084 3144 in
1102 3065 1182 3146 oad
1202 3092 1247 3170 33
1276 3068 1300 3144 6
1319 3067 1423 3144 enim
1441 3065 1497 3145 est
1513 3089 1703 3146 numerus

356 3161 501 3264 duplus
520 3161 567 3241 ad
584 3185 624 3346 ,4.
677 3163 793 3244 Ratio
812 3184 941 3246 autem
960 3170 1120 3268 duplicata
1138 3181 1267 3244 rationis
1287 3163 1364 3265 est,
1392 3165 1550 3268 quando
1569 3177 1706 3246 rationes

356 3289 564 3372 componentes
600 3280 672 3346 unt
690 3270 890 3372 aequales,
919 3270 987 3348 seu
1005 3266 1181 3365 ejusdem
1198 3264 1466 3372 proportionis
1484 3294 1525 3346 v.
1538 3294 1575 3370 g.
1594 3293 1633 3352 2·
1651 3292 1676 3360 4
1694 3323 1698 3334 -

354 3469 440 3548 'duo
456 3469 612 3547 numeri
639 3465 918 3548 antecedentes
948 3469 988 3545 in
1014 3467 1053 3544 se
1082 3465 1253 3548 invicem
1274 3465 1381 3546 dum
1409 3493 1554 3568 nempe
1579 3480 1705 3570 2><3

355 3594 415 3641 τ.-
435 3569 484 3669 63
510 3571 549 3647 &
568 3569 859 3681 consequentes
877 3571 1023 3669 pariter
1041 3567 1080 3642 in
1098 3568 1136 3645 se
1154 3567 1260 3650 dufti
1286 3583 1426 3647 mutuo
1445 3595 1587 3671 nempe
1620 3579 1708 3667 4)(

357 3667 385 3743 6
402 3691 460 3742 :z
477 3692 540 3759 24.
569 3667 624 3746 est
638 3683 738 3743 ratio
755 3670 917 3772 duplicate
934 3679 1064 3746 rationis
1084 3693 1108 3752 o
1125 3669 1171 3750 ad
1188 3696 1238 3774 4,
1266 3669 1331 3750 vel
1351 3690 1374 3769 3
1393 3671 1440 3750 ad
1459 3673 1508 3772 6,
1534 3695 1705 3775 querum

362 3768 482 3848 attera
498 3767 609 3846 alteri
628 3767 791 3872 aequalis
812 3767 867 3848 est
1038 3774 1042 3781 ’

253 3941 264 4054 ¹.
364 3975 401 4072 i.
422 3997 509 4068 104.
535 3976 711 4147 ITaque
732 3969 1053 4075 quotiescunque
1080 3971 1193 4050 datur
1216 3983 1296 4052 rano
1323 3969 1479 4050 numeri
1503 3973 1554 4055 od
1573 3997 1711 4054 nume-

595 4099 684 4152 rum
705 4089 751 4150 ut
770 4098 793 4156 2
812 4069 859 4150 ad
879 4097 925 4168 4,
954 4073 991 4149 84
1009 4073 1149 4151 debeat
1177 4073 1347 4154 inveniri
1371 4069 1470 4152 ratio
1495 4075 1711 4178 duplicatae

359 4172 550 4281 ¹rationis,
577 4189 675 4256 tunc
692 4188 850 4275 oportet
867 4171 924 4253 illi
939 4187 1054 4260 rationi
1078 4188 1239 4257 iinmericae
1262 4172 1370 4254 aliam
1395 4186 1547 4262 rationem
1572 4175 1712 4278 adjun-

1546 4327 1658 4408 gere,
