3850 4948
351 517 420 589 DE
438 517 806 588 lNSTRUMENTIS
827 515 1086 591 PRAECIPUIS
1109 515 1451 592 GEOMETRICIS·
1498 532 1557 617 163

587 630 1143 786 concursurum
1194 683 1252 780 1.·
1369 707 1372 712 ·

237 845 375 944 3437.
511 865 576 918 mo
595 841 667 934 iam
684 867 817 943 usque
845 843 945 922 adeo
970 842 1083 941 inops
1112 839 1259 920 constit
1279 843 1426 936 suerit„
1457 843 1596 946 quiex

364 963 368 968 ·
500 945 619 1022 allatis
643 945 894 1043 problematis
909 969 990 1024 non
1012 941 1233 1024 deducatur
1248 942 1289 1020 in
1307 945 1593 1048 cognitionem,

237 1069 283 1123 ac
303 1044 484 1145 praxim,
512 1070 589 1144 ope
613 1045 830 1145 praesertim
858 1047 1048 1124 mensulae
1077 1045 1366 1148 Praetorianae,
1395 1044 1595 1126 territoria

241 1149 416 1248 integra,
441 1147 479 1224 dc
496 1171 615 1248 pagos
632 1145 906 1264 mensurandi²
928 1144 1265 1250 delineandique3
1293 1149 1591 1248 quamvismen-
1652 1161 1655 1168 '

235 1249 413 1348 loribus,
434 1247 472 1325 &
485 1247 805 1351 ,illispraecipum
836 1275 906 1348 qur
925 1247 1126 1326 nullousu
1143 1246 1415 1328 condocesadti
1425 1248 1591 1346 suerint,

234 1365 524 1450 nonnunquam
561 1355 750 1440 σφάλματα
786 1350 1016 1449 obrepant:
1046 1372 1141 1448 quas
1165 1348 1437 1446 aberrationes,
1454 1349 1593 1426 cautis-

233 1447 327 1528 fime
351 1447 558 1552 discaverq
566 1447 693 1528 'docet
707 1451 825 1552 Cloriffi
843 1459 1040 1527 Marinom'us
1055 1451 1093 1523 de
1111 1459 1156 1524 Rc
1174 1454 1412 1554 ichnographica
1424 1453 1518 1551 Cap.
1536 1455 1589 1530 V.

238 1553 368 1655 Quem
385 1575 460 1652 pro
478 1547 697 1632 accusanda
712 1549 825 1650 praxi
846 1547 1098 1631 Geometrica
1116 1548 1310 1632 utiliffime
1327 1550 1588 1631 consulueris.

582 1783 1126 1876 COROLLARIUM
1186 1784 1245 1872 II.

233 2000 373 2107 §·.138.
404 2000 605 2178 VErum
622 1999 807 2100 quoniam
830 1999 869 2077 in
889 1997 1134 2078 Geodaeticis
1157 1997 1485 2097 descriptionibus
1503 2025 1586 2082 non

239 2194 242 2202 Ι
506 2101 617 2200 plana
642 2099 798 2199 ubique
824 2095 1054 2200 superficies
1110 2097 1316 2176 sedetiam
1343 2099 1517 2199 collosa,
1545 2101 1585 2178 δι

232 2203 278 2281 ab
294 2199 509 2280 horizonte
525 2200 590 2278 vel
609 2197 649 2276 in
668 2198 890 2298 ascensum,
916 2198 982 2276 vel
1000 2196 1040 2274 in
1058 2155 1286 2276 descensum
1306 2196 1502 2278 declinans
1519 2225 1584 2278 re-

119 2337 124 2346 ·
230 2303 417 2406 peritur3
452 2299 556 2380 Hinc
581 2297 778 2378 nocerium
811 2321 977 2403 quoque
1012 2297 1098 2396 est,
1142 2297 1303 2375 mbdum
1333 2296 1583 2396 suppeditare
1652 2368 1656 2380 ,
1849 2380 1854 2387 ,

231 2400 478 2503 ejuscemodi
494 2397 721 2501 superficies
749 2394 1011 2479 mensurandi.
1074 2401 1173 2478 Cum
1201 2397 1401 2500 elevatio,
1429 2419 1495 2481 aut
1514 2401 1581 2482 de·
1599 2437 1664 2516 Tg
1698 2445 1748 2517 W
1789 2439 1792 2446 ·

229 2501 373 2619 prellio
404 2526 486 2581 non
503 2497 663 2581 excedit
684 2500 842 2616 spedes
864 2499 911 2579 ad
929 2495 1138 2578 distantiam
1160 2517 1180 2596 ς
1198 2503 1463 2603 perticarum,
1482 2519 1591 2585 tunc.
1595 2471 1644 2617 ὅ
1666 2497 1716 2632 ⁰75
1743 2491 1757 2526 ⁶

229 2603 375 2686 rdonee
405 2602 612 2682 adhibetur
636 2601 898 2703 semicatena,
932 2601 1048 2698 cujus
1076 2604 1195 2680 altera
1212 2603 1435 2687 extremitas
1454 2607 1580 2708 alliga·
1621 2570 1658 2650 ὅ·
1717 2597 1730 2628 '

232 2721 300 2786 tur
317 2702 479 2785 culmini
495 2709 525 2782 B
543 2702 710 2804 perticae
726 2707 805 2781 AB
822 2699 1064 2782 verticaliter
1089 2702 1187 2781 fixae
1207 2757 1220 2801 ,
1257 2707 1376 2784 altera
1392 2729 1491 2785 vero
1512 2733 1580 2786 ex-

229 2805 405 2902 tremitas
424 2805 612 2902 attinetur
628 2800 668 2900 in
685 2803 838 2905 puncto
856 2811 910 2904 03
936 2801 1094 2902 itaque,
1119 2803 1190 2880 ubi
1207 2805 1375 2884 adhibita
1392 2807 1519 2890 libella
1537 2811 1579 2888 D

230 2901 564 3010 deprehenderis,
591 2932 612 2981 a
637 2921 774 2983 catena
806 2905 1091 2983 horizontalem
1116 2901 1229 2982 situm
1252 2907 1380 2985 teneri
1407 2963 1423 3009 ,
1456 2906 1579 3008 scies,

226 3012 370 3090 collem
403 3012 445 3086 A
465 3009 498 3086 C
522 3006 644 3105 spatio
670 3009 757 3088 AB
792 3005 834 3084 in
867 3004 1064 3084 ascensum
1108 3003 1320 3086 declinare.
1400 3007 1577 3186 (hwdfi

225 3110 339 3188 collis
367 3132 417 3186 ex
443 3112 476 3189 C
501 3129 623 3209 porro
649 3105 859 3210 ascendat,
896 3113 1000 3207 pone
1027 3105 1068 3184 in
1096 3108 1129 3182 C
1152 3109 1372 3210 perticam,
1473 3107 1579 3188 adhi-

227 3213 309 3290 bi·.a
340 3228 478 3288 catena
511 3207 742 3288 ulteriorem
777 3209 886 3290 hunc
919 3205 1116 3287 ascensum
1150 3211 1291 3290 metire
1325 3207 1445 3288 modo
1481 3235 1577 3290 mox

223 3313 433 3396 infinuato.

225 3519 361 3644 §.⁰139.
392 3490 816 3696 GUddmfidaileteffle
837 3509 947 3693 {ogs
968 3499 1327 3693 ggrhigggegipitium
1365 3513 1572 3700 divergXtI}
1593 3547 1668 3629 rag·
1712 3557 1754 3638 V·

227 3717 269 3832 in
288 3731 430 3795 terram
448 3641 735 3794 verdcalitdfi
754 3641 849 3833 ‘dturr
856 3641 879 3814 13
907 3715 1025 3794 altera
1045 3641 1651 3833 CDnhldiihohltldhrtldrmjuirtaffl'
1669 3675 1726 3751 π’

227 3817 394 3897 libellam
415 3815 698 3918 sibutl'ttaffssupt
750 3815 956 3917 nettafit,
977 3816 1104 3920 fitque
1135 3831 1180 3907 18
1201 3837 1315 3898 ettam
1343 3826 1409 3899 vel
1437 3849 1487 3904 20
1507 3847 1577 3919 pe-

228 3917 297 3999 des
316 3919 445 4022 longa,
498 3918 652 3997 Pertica
671 3919 753 4026 CD
775 3917 939 3999 normali
963 3915 1225 3997 loculamento
1255 3922 1343 3998 MN
1367 3921 1583 4022 conjuncta

225 4020 281 4096 est
299 4019 347 4096 ad
364 4021 548 4136 angulum
572 4015 725 4097 rettum
744 4019 912 4120 perticae
929 4022 1007 4097 AB
1033 4043 1106 4117 per
1139 4018 1249 4120 quod
1266 4019 1576 4100 loculamentum

223 4121 314 4198 MN
332 4135 481 4216 pertica
494 4125 572 4198 AB
590 4121 656 4198 vel
673 4123 809 4200 versus
826 4128 867 4201 Α
893 4118 1106 4217 deorsum,
1135 4121 1200 4198 vel
1216 4119 1352 4200 versus
1371 4129 1401 4200 B
1423 4121 1579 4206 sursum
1720 4185 1723 4192 .

222 4243 298 4325 pro
324 4217 565 4305 ascendentis
591 4221 734 4307 montis
764 4221 961 4404 exiggguia
987 4219 1308 4326 extrahimus,
1345 4249 1390 4304 ac
1410 4224 1574 4405 tarsrdem
1603 4292 1607 4300 ,

793 4357 806 4369 “
920 4343 946 4409 2
1245 4425 1254 4440 .
1353 4421 1357 4428 ²
1396 4343 1522 4428 cupr-
