3884 4948
521 443 904 550 exonuoomunn
922 473 1309 554 nuruumnrtcn.
1518 497 1568 570 η

167 713 175 728 ,
246 701 251 714 .
342 633 455 716 XIII.
492 635 566 716 Ast
590 633 735 714 mirum
758 633 867 716 dictu
891 636 961 736 est,
989 657 1063 736 per
1076 635 1171 740 ipsas
1196 631 1585 716 barbarorum-rastas

240 741 371 820 tiones
389 742 521 842 Matlcfi
535 735 823 818 incrementum
837 737 1050 842 acceffilse3
1076 737 1231 820 Arabes
1258 741 1386 838 enim,
1414 740 1453 820 or
1477 743 1586 816 Sart-

241 837 349 940 ceni,
374 838 415 918 in
441 844 694 940 Graecorum,
717 843 1069 942 Romanorumque
1090 839 1261 922 ditiones
1283 839 1410 942 effusr,
1420 838 1461 919 in
1478 857 1593 918 com·

268 941 356 1018 lura
400 949 590 1019 Germanica
631 959 883 1022 monumenta
922 939 1180 1044 inciderunt,
1218 967 1357 1024 eorum
1388 965 1440 1020 ue
1482 961 1590 1056 prae-

241 969 430 1143 iiantiam,
458 1045 497 1124 dt
515 1040 722 1124 utilitatem
739 1067 829 1124 cum
851 1040 1135 1147 percepissent,
1171 1059 1280 1124 tanto
1303 971 1431 1124 studio
1456 1041 1588 1160 erdem

241 1159 500 1245 vacaverunt,
527 1164 572 1226 ut
590 1147 865 1228 Geometricos
883 1146 1002 1226 libros
1029 1167 1112 1224 non
1135 1169 1284 1246 paucos
1314 1145 1354 1224 in
1378 1145 1589 1226 Arabicam
1683 1213 1689 1223 .

240 1247 410 1351 linguam
450 1247 745 1350 transtulerint,
773 1250 1054 1330 &Mathematici
1101 1247 1215 1326 etiam
1262 1247 1332 1326 ist
1365 1245 1587 1350 extiterint,

239 1345 459 1453 praesertim
477 1348 548 1430 sub
571 1355 683 1451 caltffa
697 1357 878 1437 Almanam
896 1350 1002 1428 circa
1016 1369 1161 1427 annum
1178 1275 1317 1430 Chriiii
1334 1371 1424 1448 900.
1506 1353 1592 1426 cla·-

242 1458 370 1530 raslaras
390 1458 615 1541 arithmeticas,
642 1452 765 1531 sinon
783 1450 941 1552 penitus
966 1449 1254 1531 adinvenerunt
1276 1451 1428 1530 Arabes
1454 1449 1525 1550 illi,
1551 1449 1593 1530 dc

241 1554 396 1654 Mauri,
422 1553 551 1636 saltem
568 1573 708 1632 eorum
729 1553 840 1632 usum
864 1565 898 1630 tn
925 1557 1162 1632 Aminneam
1185 1551 1458 1656 induxerunt3
1495 1561 1591 1630 cuni

246 1656 408 1736 antehac
430 1657 553 1738 literis
574 1653 760 1734 duntaxat
782 1654 917 1733 Graeci
939 1673 1075 1759 aeque,
1102 1677 1148 1734 ec
1170 1651 1300 1736 Latini
1314 1675 1502 1734 numeros
1521 1677 1591 1732 ex·

141 1783 144 1790 ·
243 1759 475 1858 primetent.
528 1761 569 1837 A
584 1753 731 1835 Mauris
751 1757 844 1836 usus
862 1755 1003 1836 horum
1023 1754 1289 1838 charasterum
1314 1753 1354 1834 in
1373 1753 1592 1859 Hispaniam

245 1859 415 1958 primum
444 1860 549 1940 circa
580 1881 722 1936 annum
751 1857 890 1938 Christi
917 1883 1040 1956 1100,
1076 1873 1160 1940 tum
1185 1860 1233 1941 ad
1259 1856 1346 1936 alias
1374 1873 1512 1959 gentes
1536 1853 1592 1937 est

246 1981 504 2064 propagatus,
537 1960 726 2066 Quamvis
746 1959 1068 2042 hodierninostri
1083 1961 1324 2042 characteres
1354 1985 1375 2038 tt
1400 1957 1430 2038 fi
1458 1978 1529 2038 ura
1545 1956 1591 2037 il-

245 2065 279 2141 la
306 2063 495 2164 primaeva
515 2060 684 2140 Arabica
710 2061 887 2142 nonnihil
904 2061 1166 2168 abscesserint,
1193 2080 1240 2145 ut
1261 2089 1315 2144 ex
1331 2077 1401 2144 vet
1464 2061 1471 2075 '
1505 2059 1591 2141 unis

245 2165 451 2247 codicibus
469 2164 516 2246 fit
533 2167 669 2266 palam.

345 2367 539 2468 Denique
564 2362 800 2444 exulceratis
828 2361 901 2442 illis
926 2368 1172 2462 temporibus
1196 2366 1298 2467 Itali,
1320 2367 1371 2446 ob
1399 2376 1594 2448 mercatu-

245 2495 307 2550 ras
325 2491 418 2548 cum
437 2465 645 2569 AEgxptiis,
681 2464 805 2564 Indis,
836 2466 1038 2550 Germanis
1064 2471 1141 2550 dac.
1189 2469 1383 2570 susceptas
1410 2474 1595 2546 Arttlmata'a

247 2603 316 2650 cam
333 2589 542 2671 utcunque
561 2570 795 2662 coluerunt,
822 2564 952 2647 donec
966 2571 1123 2652 tandem
1141 2573 1288 2652 saeculo
1304 2569 1461 2650 decimo
1477 2567 1593 2662 quin·

247 2691 290 2754 to
331 2674 496 2752 ineunte
523 2668 736 2748 Cardinalis
774 2676 920 2746 lltcalaas
949 2674 1099 2771 casanat,
1128 2689 1201 2777 pro
1227 2675 1517 2750 mathematicam
1534 2667 1592 2747 di*

248 2775 497 2878 sciplinarum
514 2773 621 2850 bono
641 2789 777 2871 natus,
802 2787 1016 2853 veternum
1042 2791 1269 2874 excutere,
1298 2773 1336 2852 dr
1354 2772 1592 2872 prirnaevum

248 2875 522 2980 pulcherrimis
549 2870 798 2954 facultatibus
827 2871 1073 2972 splendorem
1099 2875 1301 2955 vindicare
1323 2873 1460 2975 coepit.
1516 2883 1595 2950 Gra·
1687 2927 1695 2937 -

247 2991 391 3056 maniam
417 2974 636 3077 praesertim
664 2973 886 3080 promovit,
914 2975 1226 3075 &arithmeticam
1254 2999 1371 3080 quem
1400 2970 1595 3054 subsecuti

246 3089 419 3184 Georgius,
446 3078 680 3172 Patriachtas,
712 3075 888 3174 &hujus
913 3073 1005 3156 disci
1034 3077 1124 3158 ulus
1148 3083 1288 3177 jamnes
1307 3084 1478 3173 Mallem,
1506 3075 1594 3154 alias

250 3179 413 3284 epatria
427 3181 493 3260 sua
507 3186 777 3281 Regiamontanus.
828 3175 903 3254 Hic
928 3105 1145 3262 coniruxit
1166 3181 1299 3258 Tabulas
1337 3209 1447 3258 mam.
1499 3187 1597 3256 Evas-

247 3313 317 3361 mut
339 3284 528 3361 Reinhddtts
550 3279 683 3359 Tabulas
708 3289 917 3383 rongentonn,
962 3281 1095 3358 Tabales
1111 3287 1284 3386 (tamtam
1306 3283 1494 3377 Joacha'mtts
1511 3283 1598 3356 llbe-

246 3399 341 3464 naas.
419 3378 688 3485 Logarithmos
722 3402 796 3482 pro
830 3379 1001 3456 maximo
1032 3391 1277 3488 Trtgammarta
1302 3381 1594 3478 emolumento,

248 3481 472 3566 incredibili
515 3503 605 3562 cum
646 3481 824 3582 solertia,
851 3478 1076 3581 supputavit
1118 3489 1258 3584 Jaannas
1285 3493 1421 3602 Napaeas
1446 3487 1594 3568 Batoa
1689 3549 1693 3554 .
1757 3575 1763 3584 Ι

248 3585 486 3668 Merchiston
513 3590 679 3686 scotus,
706 3584 744 3664 dr
769 3581 847 3659 hoc
879 3580 1040 3684 quidem
1063 3583 1297 3688 podagricos
1324 3599 1429 3666 mter
1451 3573 1594 3687 stng'ul-

217 3765 222 3774 .
247 3705 314 3768 tus
337 3684 498 3770 fallendi
525 3685 713 3785 temporis
739 3682 863 3764 causa.
917 3691 1093 3785 &mestas
1117 3699 1206 3768 Vtaa
1228 3688 1392 3794 Algelrm
1421 3685 1594 3791 perpoli-

250 3792 332 3894 vit,
361 3811 477 3893 quam
526 3793 703 3888 careatus,
740 3797 899 3864 Neutottttt
932 3786 971 3864 dc
1003 3792 1177 3870 Ltldnitittt
1210 3787 1258 3866 ad
1291 3789 1441 3890 apicem
1468 3808 1594 3888 prope

255 3904 492 3984 evexerunt,
520 3885 580 3966 alii
612 3912 662 3966 ue
681 3886 877 3967 innumeri
900 3912 950 3965 ex
972 3889 1301 3993 Recentioribus,
1331 3912 1503 3990 quorum
1523 3886 1595 3966 mi-

254 3990 375 4072 rificis
392 3987 525 4072 lbrdiis
543 3989 580 4066 sa
620 4013 686 4068 um
706 3989 776 4089 est,
804 4003 848 4065 ut
867 4005 960 4067 aetas
977 3991 1066 4070 haec
1091 3993 1220 4072 nostra
1245 4017 1327 4070 non
1341 3991 1461 4071 modo
1477 3993 1594 4066 marla-

254 4107 442 4174 mattcaran
458 4092 599 4174 artium
625 4092 748 4198 gloria
765 4089 1018 4274 antiqulprurn
1045 4093 1175 4177 felicia
1191 4095 1332 4178 saecula
1352 4089 1593 4196 adaequasse3

943 4215 966 4298 3
1448 4217 1590 4294 verunt
