3884 4948
374 501 417 580 rt
632 487 1014 566 ruotaeommtr
1035 435 1426 564 ,monterionem

453 653 586 748 Julime
614 655 753 755 ospoflate
776 663 967 751 regnante
1001 644 1102 726 vixit
1136 653 1327 754 Diophanen
1351 647 1597 734 Alexandiriem
1625 642 1696 748 qui
1762 704 1773 723 .

221 753 226 762 '
352 772 415 854 13·
433 751 483 832 de
493 755 697 830 Anabmrrtu
719 750 843 833 edidit
862 751 998 830 libros.
1051 749 1295 832 Floruerunt
1319 753 1697 851 praetereuntem

348 851 615 955 Laodicenus,
652 861 701 934 Pr
717 879 780 960 pes
813 851 852 931 dr
880 857 984 932 Iseon
1008 851 1303 934 Alexandrinus
1347 851 1461 952 cujus
1486 848 1566 928 filia
1589 855 1698 958 Hypa-

306 1039 309 1048 ,
352 967 400 1036 tto
414 955 455 1036 in
471 961 664 1061 Aposoatum
738 961 947 1063 mopiam
968 956 1247 1035 commentaria
1272 909 1492 1036 adornavit.
1569 955 1698 1028 Prorsus
1737 957 1739 962 ’

351 1057 447 1139 item
462 1055 626 1161 Lycius,
654 1055 723 1160 qui
740 1079 844 1134 anno
862 1053 1002 1138 Christi
1027 1063 1116 1170 485.
1156 1081 1179 1138 e
1205 1057 1306 1148 vivis
1325 1054 1512 1150 excessrt3
1538 1049 1576 1130 dt
1599 1051 1697 1132 alter

352 1158 513 1264 quidam
536 1164 666 1236 Prorsus
677 1158 990 1258 Mathematicus,
1017 1171 1088 1257 qur
1113 1158 1261 1261 serius,
1289 1181 1432 1257 nempe
1460 1153 1698 1234 subernum

353 1259 492 1343 Christi
510 1277 598 1356 514.
620 1265 786 1374 sertam,
804 1257 1179 1358 Constantinopolim
1192 1258 1421 1358 obsrdentis,
1449 1254 1600 1337 classem
1615 1256 1699 1357 spe·

354 1361 455 1442 culis
474 1359 649 1443 caustica
666 1360 883 1444 incendisse
899 1361 1043 1444 sertut.

453 1567 526 1644 XI.
551 1569 710 1644 Interea
734 1563 922 1665 temporis
946 1564 1054 1644 varia
1079 1555 1246 1666 matheseos
1286 1565 1450 1646 fortuna
1473 1557 1698 1642 revolvitur

354 1665 459 1769 apud
483 1671 701 1746 Romanos:
737 1677 838 1745 Varro
865 1663 1015 1769 quippe
1040 1667 1091 1746 de
1114 1672 1318 1746 arithmetica
1340 1663 1484 1745 librum
1517 1657 1700 1764 seripsrffe

353 1768 586 1872 perhibetur
601 1763 706 1868 apud
730 1769 927 1870 censorinum
943 1773 981 1844 dt
999 1771 1051 1846 die
1070 1779 1180 1848 Nuus
1203 1777 1281 1875 cap.
1299 1796 1328 1844 r.
1402 1775 1569 1844 bonnm
1585 1761 1701 1878 etiarn

348 1881 547 2050 {cometam
562 1871 684 1949 libros
701 1878 833 1947 Varrone·
848 1868 1039 1950 attribuit.
1089 1877 1193 1948 Boeoto·
1219 1867 1271 1948 de
1293 1872 1499 1946 Artosmcttoa
1519 1867 1609 1944 librr
1635 1863 1701 1944 ad·

382 1969 529 2050 uedum
548 1967 768 2070 supersunt.
819 1971 1038 2050 Praesertim
1057 1995 1154 2050 vero
1171 1976 1411 2048 Archtrottom'n
1429 1965 1532 2068 apud
1558 1969 1698 2048 Roma-

355 2095 429 2150 nos
445 2071 693 2172 splendorem
709 2070 876 2150 nominis
895 2071 951 2150 est
974 2073 1162 2176 assecuta,
1196 2073 1308 2172 eujus
1334 2069 1578 2148 uberrimum
1597 2068 1701 2148 testi·

354 2171 532 2252 monium
550 2172 592 2253 in
611 2181 750 2254 Vtrruott
763 2179 908 2252 Passionis
925 2173 1064 2256 decem
1080 2175 1187 2254 libris
1205 2171 1251 2252 od
1280 2197 1351 2250 nos
1376 2195 1507 2273 usque
1532 2169 1590 2249 est
1610 2193 1701 2272 prr>

355 2290 547 2376 pagatum.
601 2278 732 2356 Pauco
759 2293 939 2375 tempore
961 2277 1170 2378 interietto
1188 2279 1450 2377 Imperatores
1474 2272 1625 2365 rome,
1647 2281 1703 2354 VI-

357 2383 481 2471 tesius,
525 2378 564 2458 dr
590 2383 790 2453 Domitianas
825 2377 1117 2458 Mathematicos
1147 2377 1345 2481 persecuti
1374 2376 1486 2471 sunt,
1513 2390 1558 2452 ut
1586 2373 1702 2452 habet

356 2481 481 2576 Jorfius
495 2476 717 2581 descriptoris.
739 2479 856 2576 Pherofi
879 2479 932 2556 sih.
951 2509 973 2556 r.
996 2487 1073 2586 Cap.
1095 2509 1138 2568 rr.
1164 2502 1215 2556 eo
1239 2476 1349 2579 quod
1364 2475 1595 2576 impostfles
1616 2473 1703 2580 qui·

360 2579 448 2656 dom
465 2575 727 2677 pulcherrima
742 2573 901 2656 scientia
928 2579 975 2659 ad
994 2604 1109 2662 vanas
1129 2578 1407 2678 divinationes,
1443 2577 1701 2682 eaeremonias

356 2678 515 2779 vetitas,
544 2694 665 2782 atque
679 2675 726 2758 ad
747 2677 935 2758 maleficia
951 2681 1106 2762 infanda
1129 2679 1409 2781 abuterentur'3
1446 2702 1569 2794 quare
1586 2677 1701 2757 etiem

360 2777 536 2883 iniquior
552 2785 721 2882 Metiosedo
739 2779 918 2862 conditio
937 2783 1013 2865 effe
1030 2785 1178 2890 coepit,
1208 2785 1262 2864 ita
1284 2796 1329 2861 ut
1353 2805 1470 2885 pauet
1493 2780 1702 2864 admodum

356 2880 503 2966 armos
520 2882 567 2961 ad
585 2907 670 2964 eom
687 2881 915 2984 adjicerent.

461 3086 554 3166 XII.
582 3090 769 3162 verterem·
788 3084 964 3187 quidem,
984 3087 1022 3166 dr
1041 3097 1267 3168 Marmoreas
1284 3087 1528 3187 temporibus
1544 3083 1703 3166 videbe-

336 3199 425 3286 ,tur
445 3195 618 3264 Geomerrta
634 3182 788 3266 firmius
813 3188 1038 3287 praefidium
1062 3189 1302 3294 obtinuisse,
1329 3213 1422 3270 cum
1452 3185 1622 3288 Augusti
1646 3185 1704 3264 ilii

359 3285 583 3368 edicerent:
613 3300 720 3367 Artem
742 3287 919 3366 Geometrr'a
939 3293 1061 3394 drfim,
1089 3319 1184 3400 atquo
1196 3321 1332 3370 exercerc
1344 3291 1465 3399 publice
1481 3291 1610 3387 inceps.
1630 3294 1655 3369 s.
1674 3313 1703 3366 1.

361 3391 440 3468 cod.
459 3393 497 3466 de
511 3395 614 3494 masos.
633 3397 676 3468 ts
694 3395 842 3471 matham.
896 3399 954 3474 At
972 3393 1085 3473 brevi
1102 3395 1188 3496 post
1207 3393 1351 3473 saecula
1370 3393 1530 3471 barbara
1545 3389 1704 3490 ineepe·

360 3504 469 3590 murt,
494 3493 534 3570 δι
552 3493 592 3571 in
611 3493 822 3572 occidente
842 3495 1003 3594 quidem
1027 3495 1314 3598 vandalorum,
1342 3495 1581 3591 Gothorum,
1594 3495 1705 3567 Hun-

364 3615 539 3694 norum,
591 3593 837 3672 Herulorum
865 3611 983 3697 atque
1025 3598 1380 3698 Longobardorum
1407 3591 1704 3675 excursionibus

366 3692 496 3772 omnia
525 3691 801 3794 pessumibant3
827 3695 868 3774 in
886 3697 1041 3778 oriente
1059 3724 1159 3779 vero
1179 3701 1436 3803 bulgarorum
1454 3713 1573 3801 atque
1598 3697 1706 3786 Stra-

362 3814 553 3874 cenorum
579 3794 939 3896 depraedationibus
967 3798 1127 3902 optimae
1153 3816 1255 3880 artes
1281 3801 1482 3904 prostratae
1506 3821 1585 3877 una
1614 3815 1705 3878 eum

367 3903 542 3976 &romeon
561 3894 699 3978 misere
717 3899 920 4002 jacebant,
951 3903 1009 3982 his
1027 3920 1157 3984 tamen
1182 3903 1270 4002 ipsis
1290 3900 1534 4003 temporibus
1557 3898 1705 3978 saeculo

199 4089 209 4100 .
365 3997 503 4078 Christi
520 4025 627 4079 nono
643 4002 775 4082 floruit
793 4009 851 4080 sao
868 4005 1180 4102 Mathematicus,
1202 4005 1271 4106 qui
1298 4007 1370 4084 hac
1396 4003 1510 4085 etiam
1528 3999 1708 4082 derauso

367 4121 388 4176 a
408 4105 570 4216 quophtto
586 4105 828 4202 Imperatore
847 4105 1276 4211 Constantinopolitano
1301 4107 1531 4212 singularem
1556 4099 1707 4184 heuefi·

367 4219 534 4346 centrum
555 4205 611 4283 est
627 4222 826 4310 expertua
1594 4317 1693 4403 xm
