3884 4948
378 495 427 584 58
710 493 1087 576 ’MITHMETIGAE
1109 493 1271 574 entur
1291 493 1335 568 X.

205 647 210 655 ’
339 657 401 754 ‚mi
420 658 577 741 termini
594 661 814 754 collocatur
832 664 997 746 inferius
1016 664 1063 747 ad
1080 665 1285 764 dextram,
1304 661 1346 746 id
1355 657 1433 763 est,
1451 660 1542 745 iooo
1559 665 1694 747 ter-tint

345 759 480 840 Media
496 763 635 864 positio
655 765 887 866 sempersuo
906 766 947 846 in
964 765 1106 848 ordine
1125 765 1319 869 persistat,
1347 766 1414 846 cui
1432 761 1546 848 etiam
1564 764 1694 844 sextus

346 864 563 964 terminus,
593 865 662 970 qui
678 865 917 972 requiritur,
935 867 1248 970 correspondere
1266 867 1399 950 debet.

347 1065 383 1166 s,
417 1091 482 1172 92·
509 1071 708 1252 Alaue
725 1093 861 1152 omnes
879 1073 944 1152 hae
960 1071 1167 1159 insinuatae
1184 1071 1352 1150 cautelae
1368 1065 1461 1156 nihil
1481 1007 1700 1170 quidquam

668 1171 826 1272 sistunt,
856 1173 1085 1277 quominus
1104 1173 1255 1276 Regula
1270 1172 1359 1250 haec
1375 1178 1494 1267 invem
1513 1169 1564 1254 de
1582 1169 1700 1270 quin

349 1290 433 1370 que
451 1267 498 1349 sit
513 1297 680 1388 quoque
697 1273 1135 1378 regulaproportionisg
1172 1271 1349 1378 quamvis
1362 1269 1467 1354 enim
1485 1268 1525 1348 in
1543 1273 1701 1370 proble-

348 1368 460 1484 matis
479 1374 756 1456 enunciatione
778 1391 908 1474 tertius,
937 1376 1092 1480 &sextus
1109 1377 1300 1457 terminus
1318 1398 1400 1454 non
1422 1370 1496 1450 sint
1512 1373 1701 1474 homoge-

349 1493 441 1572 nei,
469 1471 755 1576 imperatione
773 1492 903 1559 tamen
921 1479 973 1558 ita
992 1477 1250 1580 proceditur,
1276 1494 1323 1556 ut
1340 1475 1550 1652 totiussxto
1565 1473 1703 1574 homo-

351 1593 503 1674 geneus
520 1573 613 1675 fiat,
642 1593 763 1680 atque
780 1578 884 1660 inter
901 1597 1120 1682 utrumque
1147 1587 1267 1674 inversa
1292 1577 1444 1660 interce
1463 1587 1509 1662 ‚at
1534 1599 1701 1674 propor-

350 1671 423 1850 tios.
475 1675 558 1784 Jam
574 1679 622 1758 ad
639 1679 789 1782 praxim
806 1679 1102 1764 descendamus.
1156 1681 1380 1768 Assumatur
1397 1675 1701 1776 problemamox

352 1797 588 1860 minuatum
1682 1817 1688 1836 =

564 1991 650 2072 imi.
732 2005 781 2088 50
906 1973 910 1981 “
1012 2005 1016 2012 ·
1200 1988 1411 2084 nomines

567 2195 654 2278 Flo.
683 2218 782 2297 1500
943 2116 992 2179 12
1183 2197 1260 2282 600
1277 2192 1385 2274 Flnr.
1478 2177 1484 2185 ’

457 2397 628 2509 Hocque
646 2397 807 2501 fimplici
824 2400 1085 2499 dispositione.
1093 2391 1329 2494 adscriptum
1345 2393 1513 2478 examini
1531 2391 1708 2492 subjicia-

356 2507 444 2606 tur:
474 2510 523 2589 50
540 2495 681 2578 milites
699 2502 958 2578 sustentantur
976 2528 1106 2582 annue
1124 2515 1233 2580 certa
1250 2497 1415 2599 quedam
1430 2498 1706 2608 summepecu·

358 2615 441 2707 niae
467 2593 790 2692 (praescindendo
808 2605 853 2680 ab
871 2598 1148 2700 inferioribus)
1175 2617 1417 2700 poteruntne
1435 2597 1549 2678 etiam
1567 2609 1616 2686 80
1638 2620 1708 2672 ini-

362 2693 450 2773 lites
471 2695 618 2776 tamdiu
636 2701 772 2781 eadem
787 2701 974 2804 pecuniae
991 2705 1135 2786 summa
1161 2700 1361 2780 sustentari
1380 2707 1397 2780 ἓ
1430 2697 1580 2801 Igitur,
1617 2721 1709 2775 cuin

362 2793 409 2876 ad
427 2813 582 2898 tempus
601 2803 771 2902 quaestio
789 2804 987 2906 collimet,
1014 2807 1186 2907 patescet
1204 2800 1436 2880 examinanti
1456 2829 1465 2878 ε
1494 2825 1576 2880 non
1602 2797 1708 2899 posse

361 2909 411 2990 80
429 2897 570 2979 milites
587 2903 724 2984 eadem
740 2904 909 3006 pecunia
927 2903 1140 2994 duodecim
1158 2900 1347 2983 mensium
1372 2899 1501 3003 spacio
1528 2901 1721 3004 sustenta-¹

360 3001 420 3097 ri,
439 2999 582 3103 „itaque
609 3005 801 3086 inseratur
815 3008 928 3105 juxta
953 3009 1008 3105 (t.
1029 3012 1116 3111 36.)
1142 3008 1242 3085 hanc
1266 3003 1342 3082 esse
1365 3004 1514 3107 inonfhm
1537 3000 1711 3102 proposi-

364 3101 530 3180 tionem.
583 3109 774 3208 Pergatur
789 3106 837 3186 ad
854 3105 1147 3207 inquisitionem
1166 3105 1401 3190 inferiorum
1426 3103 1710 3202 terminorum,

368 3199 560 3292 dicendo:
588 3201 766 3290 sicertus
782 3206 948 3286 militum
974 3233 1164 3292 numerus
1189 3207 1465 3309 (abstrahendo
1490 3231 1511 3282 a
1536 3203 1709 3306 superio—

363 3303 496 3410 ribus)
523 3325 622 3404 1500
640 3311 801 3392 florenis
819 3310 939 3409 spatio
974 3333 1021 3398 12
1048 3312 1237 3392 mensium
1259 3309 1468 3409 vittitant,
1511 3304 1712 3410 poteritne

365 3405 470 3486 idem
488 3433 678 3490 numerus
696 3415 862 3494 militum
882 3437 930 3496 12
947 3414 1142 3504 mensibus
1159 3411 1360 3494 sustentari
1387 3432 1470 3490 aere
1495 3413 1571 3491 600
1596 3408 1713 3487 flore-

367 3515 546 3588 norum?
572 3517 694 3592 Sanus
713 3515 894 3618 profesto
914 3512 1086 3618 quisque
1102 3509 1315 3616 judicabit,
1345 3527 1499 3593 certum
1516 3510 1624 3592 illum
1637 3533 1714 3589 mu·

369 3631 522 3686 merum
531 3611 697 3696 militum
705 3610 883 3694 breviori
902 3617 1358 3717 temporavittitaiurum
1370 3612 1539 3714 pecunia
1554 3609 1715 3691 sexcen-

370 3711 774 3818 torumflorenorum,
795 3739 910 3819 quam
930 3721 1079 3814 1500fl.
1095 3715 1322 3820 vittitasiet3
1348 3714 1470 3816 igitur
1479 3737 1572 3794 cum
1580 3735 1717 3792 nume-

366 3838 439 3892 rus
456 3815 556 3915 600,
583 3813 712 3902 minor
727 3822 795 3921 sit,
827 3843 944 3924 quani
962 3839 1096 3925 1500,
1124 3843 1301 3923 cumque
1325 3817 1439 3898 etiam
1463 3815 1593 3896 minus
1618 3829 1716 3896 tem-

370 3941 448 4022 pus
466 3916 629 4032 prodire
646 3940 843 4026 oporteat,
870 3922 1086 4023 propositio
1104 3923 1338 4012 inieriorum
1354 3917 1615 4004 terminorum
1629 3941 1717 3998 non

368 4021 450 4100 erit
474 4021 625 4100 inversa
657 4027 711 4127 (t.
740 4028 827 4126 86.)
894 4029 974 4106 Iam
1000 4049 1097 4105 vero
1125 4025 1294 4110 ducatur
1320 4021 1423 4100 linea
1447 4018 1718 4100 decussatima

376 4146 395 4204 1
402 4141 476 4230 seo
492 4119 540 4208 ad
559 4135 608 4216 80
619 4152 633 4227 3
658 4127 848 4230 punstula
865 4139 996 4216 autem
1015 4125 1212 4212 ducantur
1228 4125 1365 4210 itidem
1382 4117 1606 4206 decussatim
1626 4139 1716 4303 adso

1614 4251 1639 4303 a
