3884 4948
626 457 731 530 ou
756 457 1233 535 MULTlPLchTmNE:
1336 461 1341 470 ·
1540 482 1583 563 ς,
1620 521 1623 528 ,

370 635 561 718 Parantur
578 609 709 711 autem
725 633 847 710 Tabula
858 639 1033 739 Ncpcrianae
1051 631 1125 713 sic:
1153 632 1358 714 ecralliori
1376 636 1625 740 conglutinas·

191 817 193 822 .
266 741 464 834 lachana,
491 753 558 816 aut
576 742 675 838 lagno,
696 751 762 814 aut
782 738 854 836 offe,
874 733 1074 812 autetiam
1091 741 1213 812 metallo
1239 735 1497 838 disponantur
1514 743 1623 821 allona

260 871 307 948 gae
324 847 449 916 lamella
467 838 543 938 ita,
571 854 617 917 ut
635 836 676 914 in
693 862 839 917 novem
868 837 1055 941 quadrata
1082 837 1197 938 spatia
1224 841 1437 920 commodo
1462 845 1619 926 valeant

266 940 409 1026 ordine
427 937 620 1042 dispesci3
646 937 794 1051 fingula
813 939 1000 1044 quadrata
1023 963 1096 1040 per
1124 938 1364 1042 diagonalem
1390 943 1623 1048 redigantur

269 1048 309 1126 in
329 1045 410 1124 duo
421 1041 627 1142 triangula,
650 1057 770 1144 atque
786 1041 1048 1122 inscribantur
1067 1041 1264 1145 quadratis
1284 1043 1357 1122 illis
1375 1047 1622 1130 charasteres

273 1149 394 1228 Talna
414 1150 639 1247 Pythagorica,
659 1145 714 1244 (h.
741 1147 827 1248 18·)
877 1146 1065 1226 haecum
1092 1148 1277 1246 cautela,
1314 1161 1376 1246 ut,
1404 1149 1497 1228 dum
1517 1177 1624 1230 unus

269 1246 544 1331 tantummodo
560 1245 758 1324 charaiter
775 1272 901 1325 aream
912 1248 953 1327 in
969 1249 1087 1326 Tabula
1097 1251 1198 1347 Pytha
1214 1259 1302 1324 crica
1312 1249 1480 1351 obtinet„
1499 1253 1563 1332 ille
1574 1253 1622 1334 ad

271 1353 447 1432 dextram
465 1347 689 1428 collocetur
709 1373 722 1451 3
746 1348 817 1429 ubi
842 1374 943 1427 vero
971 1348 1053 1426 duo
1078 1347 1192 1426 chara
1232 1371 1320 1426 eres
1344 1377 1469 1432 aream
1498 1355 1538 1431 in
1560 1365 1620 1457 Pp

269 1461 429 1571 thagortca
448 1447 567 1528 Tabula
588 1468 810 1550 occupant,
836 1467 922 1534 tum
949 1448 1090 1528 dexter
1117 1450 1314 1530 char-atter
1330 1453 1380 1531 ad
1408 1455 1617 1558 dextrum,

267 1555 414 1636 slnlster
437 1551 486 1630 ad
526 1547 720 1633 ssnistrum
752 1553 993 1658 triangulum
1031 1552 1153 1630 Tibula
1188 1564 1367 1658 Nepertana
1399 1556 1615 1658 rejiciatur.

263 1664 417 1739 Praeter
436 1657 503 1734 has
527 1655 689 1758 Tabellas,
718 1655 885 1758 superne
913 1677 1058 1734 novem
1086 1653 1219 1754 primis
1246 1655 1534 1738 charasteribus
1561 1663 1621 1740 di·
1672 1691 1674 1696 ·
1728 1707 1752 1770 ⁸.

261 1755 438 1860 stinstas,
467 1755 505 1834 δι
522 1757 639 1838 meris
658 1758 860 1858 triangulis
878 1757 1141 1860 consignatas,
1159 1757 1227 1837 fiat
1242 1755 1314 1833 alia
1329 1760 1499 1860 lamella,
1521 1785 1620 1865 quae

266 1883 413 1941 novem
439 1855 586 1960 primos
612 1860 856 1940 charasteres
880 1859 922 1939 in
948 1857 1146 1963 quadratis
1173 1857 1299 1961 spatiis
1325 1861 1519 1943 continuo
1548 1862 1620 1942 de·

261 1961 399 2057 scensu
416 1959 598 2039 exhibeat
623 1959 705 2042 stne
731 1959 968 2064 triangulis,
995 1962 1033 2040 dr
1059 1987 1154 2066 quae
1181 1961 1308 2043 veluti
1332 1968 1428 2041 index
1455 1963 1619 2048 caeteris

265 2064 396 2147 Tabulis
414 2059 633 2166 deserviat,
661 2065 721 2146 uti
739 2064 781 2145 in
799 2068 1017 2166 Salaminiae
1038 2063 1262 2147 exhibetur.
1315 2065 1399 2175 Jam
1413 2067 1475 2150 sit.
1534 2165 1542 2176 Ι

591 2431 1132 2531 PROPOSITIO
1192 2443 1274 2538 ΙΙΙ.

257 2741 292 2844 d.
314 2759 378 2844 39.
405 2737 672 2919 NUtmerum
691 2741 781 2818 anni
797 2739 961 2820 labentis
984 2757 1084 2920 1715?
1094 2763 1175 2918 lper
1193 2738 1310 2922 alipm
1324 2763 1532 2923 nprnerum
1542 2745 1622 2826 da..

239 2942 450 3024 'Tabularum
471 2865 809 3050 Nepiffaiiriitper
837 2855 1212 2946 348.mut1p1care
1268 2867 1343 2924 ene
1375 2869 1439 2926 cro
1469 2849 1613 2931 harum

268 3237 297 3267 „
356 3175 531 3254 Primum
558 3172 694 3251 Tabellas
721 3196 784 3253 eas
815 3173 868 3256 sic
908 3171 1071 3277 dispone
1095 3173 1167 3254 suo
1193 3171 1379 3272 ordine,
1427 3189 1474 3254 ut
1500 3203 1612 3254 mme-

255 3305 330 3355 rum
353 3275 624 3382 multiplicandum
651 3291 749 3376 1752
778 3277 957 3379 supernis
976 3277 1261 3356 charaileribus
1282 3275 1505 3356 exhibeant.
1535 3275 1608 3355 His

255 3376 460 3458 asinistris
501 3378 658 3455 alteram
688 3379 839 3456 Tabulam
870 3383 981 3460 indicis
1011 3377 1053 3456 in
1101 3378 1288 3478 quadrata
1324 3373 1507 3476 digestam
1542 3401 1638 3478 ap-2

251 3504 358 3586 pone
376 3507 389 3574 ς
415 3482 456 3560 in
477 3481 548 3560 hac
573 3478 716 3558 tabula
732 3477 866 3559 indice
896 3501 1037 3584 quaere
1062 3477 1244 3559 ultimum
1262 3480 1510 3584 nualtpltcatom's
1528 3489 1607 3578 348

249 3582 512 3662 charatterem
529 3580 749 3662 dextimurn
783 3591 975 3686 nempess.
1004 3579 1325 3683 &procedendo
1352 3577 1399 3658 ad
1425 3577 1604 3658 ultimam

256 3686 412 3764 Tabellam
432 3682 673 3783 dextimam,
708 3683 878 3784 superne
904 3683 1218 3784 2reserentern‚
1258 3680 1531 3785 deprehendes
1559 3681 1603 3764 in

250 3784 388 3886 oblavo
418 3784 559 3866 ordine
616 3783 757 3866 rimum
793 3783 1009 3865 dextimum
1031 3784 1270 3888 triangulum
1299 3809 1391 3862 curn
1407 3781 1606 3864 charabte-

247 3911 292 3965 re
310 3887 358 3988 6,
374 3885 512 3990 itaque
539 3814 706 3968 oiiribe
728 3881 834 3966 insra
850 3888 990 3966 lineam
1012 3888 1139 3988 primo
1165 3888 1256 3967 lo'co
1282 3884 1482 3986 dextim03
1516 3881 1606 3984 post

248 3987 485 4091 triangulum
520 3989 580 4094 6,
615 4006 834 4072 occurrent
863 3987 905 4068 in
931 3988 1089 4072 duobus
1114 3985 1302 4086 proximis
1327 3985 1529 4086 triangulis
1553 3982 1602 4060 sr-

246 4090 401 4170 nistrarn
425 4093 597 4193 versus,
645 4097 814 4172 rhombum
840 4088 1171 4192 componentibus
1205 4143 1221 4190 ,
1264 4087 1325 4168 alii
1360 4087 1442 4168 duo
1468 4088 1601 4163 chara·-

243 4190 375 4277 &eres
388 4217 531 4300 nempe
550 4219 568 4276 1
590 4193 693 4303 &03
718 4195 820 4277 baec
837 4192 937 4378 adge
956 4193 1131 4274 invicem
1155 4245 1172 4294 2
1220 4191 1261 4274 rh
1289 4215 1309 4274 1
1337 4186 1511 4270 adscribe
1537 4185 1600 4266 se·

211 4330 222 4344 ·
944 4320 971 4382 2
1445 4313 1549 4372 cun-
