<?xml version="1.0" encoding="UTF-8"?>
<!DOCTYPE html PUBLIC "-//W3C//DTD XHTML 1.0 Transitional//EN"
    "http://www.w3.org/TR/xhtml1/DTD/xhtml1-transitional.dtd">
<html xmlns="http://www.w3.org/1999/xhtml" xml:lang="en" lang="en">
 <head>
  <title>
</title>
<meta http-equiv="Content-Type" content="text/html;charset=utf-8" />
  <meta name='ocr-system' content='tesseract 3.04.00' />
  <meta name='ocr-capabilities' content='ocr_page ocr_carea ocr_par ocr_line ocrx_word'/>
</head>
<body>
  <div class='ocr_page' id='page_1' title='image "./florianidalhami01dalhgoog_0098.png"; bbox 0 0 3850 4948; ppageno 0'>
   <div class='ocr_carea' id='block_1_1' title="bbox 381 483 1349 598">
    <p class='ocr_par' dir='ltr' id='par_1_1' title="bbox 381 483 1349 598">
     <span class='ocr_line' id='line_1_1' title="bbox 381 483 1349 598; baseline -0.004 -15"><span class='ocrx_word' id='word_1_1' title='bbox 381 483 424 598; x_wconf 73' lang='grc'><strong>44</strong></span> <span class='ocrx_word' id='word_1_2' title='bbox 593 513 598 518; x_wconf 95' lang='grc'><strong><em>·</em></strong></span> <span class='ocrx_word' id='word_1_3' title='bbox 733 501 1099 580; x_wconf 74' lang='lat' dir='ltr'><strong>nurmunrrcnu</strong></span> <span class='ocrx_word' id='word_1_4' title='bbox 1126 507 1288 592; x_wconf 80' lang='lat' dir='ltr'><strong>cnnuu</strong></span> <span class='ocrx_word' id='word_1_5' title='bbox 1306 509 1349 580; x_wconf 89' lang='lat' dir='ltr'><strong>x.</strong></span> 
     </span>
    </p>
   </div>
   <div class='ocr_carea' id='block_1_2' title="bbox 343 653 1696 988">
    <p class='ocr_par' dir='ltr' id='par_1_2' title="bbox 343 653 1696 988">
     <span class='ocr_line' id='line_1_2' title="bbox 441 653 1692 785; baseline 0.006 -31"><span class='ocrx_word' id='word_1_6' title='bbox 441 673 840 776; x_wconf 63' lang='lat' dir='ltr'><strong>examinantium</strong></span> <span class='ocrx_word' id='word_1_7' title='bbox 883 680 1006 759; x_wconf 75' lang='grc'>44444</span> <span class='ocrx_word' id='word_1_8' title='bbox 1032 677 1253 782; x_wconf 71' lang='lat' dir='ltr'>ordinibus,</span> <span class='ocrx_word' id='word_1_9' title='bbox 1271 681 1344 764; x_wconf 77' lang='lat' dir='ltr'><strong>reu</strong></span> <span class='ocrx_word' id='word_1_10' title='bbox 1361 653 1692 785; x_wconf 63' lang='lat' dir='ltr'><strong>northmannus,</strong></span> 
     </span>
     <span class='ocr_line' id='line_1_3' title="bbox 343 707 1696 890; baseline 0.001 -29"><span class='ocrx_word' id='word_1_11' title='bbox 343 779 414 861; x_wconf 88' lang='lat' dir='ltr'><strong>seu</strong></span> <span class='ocrx_word' id='word_1_12' title='bbox 426 775 715 883; x_wconf 82' lang='lat' dir='ltr'><strong>verticalibus,</strong></span> <span class='ocrx_word' id='word_1_13' title='bbox 750 779 830 890; x_wconf 66' lang='lat' dir='ltr'><strong>¹seu</strong></span> <span class='ocrx_word' id='word_1_14' title='bbox 851 707 1158 884; x_wconf 63' lang='lat' dir='ltr'><strong>iitigantibus,</strong></span> <span class='ocrx_word' id='word_1_15' title='bbox 1187 781 1365 887; x_wconf 86' lang='lat' dir='ltr'><strong>itemque</strong></span> <span class='ocrx_word' id='word_1_16' title='bbox 1384 811 1434 866; x_wconf 87' lang='lat' dir='ltr'><strong>ex</strong></span> <span class='ocrx_word' id='word_1_17' title='bbox 1454 781 1696 888; x_wconf 89' lang='lat' dir='ltr'><strong>supputatio-</strong></span> 
     </span>
     <span class='ocr_line' id='line_1_4' title="bbox 345 881 1696 988; baseline -0.002 -26"><span class='ocrx_word' id='word_1_18' title='bbox 345 906 407 964; x_wconf 80' lang='lat' dir='ltr'><strong>ne¹</strong></span> <span class='ocrx_word' id='word_1_19' title='bbox 423 881 694 981; x_wconf 74' lang='lat' dir='ltr'>cellularum,</span> <span class='ocrx_word' id='word_1_20' title='bbox 730 881 880 960; x_wconf 79' lang='lat' dir='ltr'><strong>luteram</strong></span> <span class='ocrx_word' id='word_1_21' title='bbox 913 883 1151 962; x_wconf 76' lang='lat' dir='ltr'><strong>consimilem</strong></span> <span class='ocrx_word' id='word_1_22' title='bbox 1185 887 1518 988; x_wconf 76' lang='lat' dir='ltr'><strong>praeferentium,</strong></span> <span class='ocrx_word' id='word_1_23' title='bbox 1553 907 1696 986; x_wconf 86' lang='lat' dir='ltr'><strong>nempe</strong></span> 
     </span>
    </p>
   </div>
   <div class='ocr_carea' id='block_1_3' title="bbox 348 980 1696 1187">
    <p class='ocr_par' dir='ltr' id='par_1_3' title="bbox 348 980 1696 1187">
     <span class='ocr_line' id='line_1_5' title="bbox 348 980 1696 1165; baseline 0.005 -104"><span class='ocrx_word' id='word_1_24' title='bbox 348 1006 421 1165; x_wconf 75' lang='lat' dir='ltr'><strong>pler</strong></span> <span class='ocrx_word' id='word_1_25' title='bbox 430 996 489 1100; x_wconf 35' lang='lat'><strong>&#39;18</strong></span> <span class='ocrx_word' id='word_1_26' title='bbox 509 980 778 1086; x_wconf 77' lang='lat' dir='ltr'><strong>variationes,</strong></span> <span class='ocrx_word' id='word_1_27' title='bbox 805 983 911 1064; x_wconf 91' lang='lat' dir='ltr'><strong>idem</strong></span> <span class='ocrx_word' id='word_1_28' title='bbox 928 985 1080 1088; x_wconf 85' lang='lat' dir='ltr'><strong>semper</strong></span> <span class='ocrx_word' id='word_1_29' title='bbox 1105 1007 1297 1068; x_wconf 85' lang='lat' dir='ltr'><strong>numerus</strong></span> <span class='ocrx_word' id='word_1_30' title='bbox 1318 989 1407 1070; x_wconf 87' lang='lat' dir='ltr'><strong>anni</strong></span> <span class='ocrx_word' id='word_1_31' title='bbox 1425 988 1586 1069; x_wconf 85' lang='lat' dir='ltr'><strong>labentis</strong></span> <span class='ocrx_word' id='word_1_32' title='bbox 1599 1001 1696 1087; x_wconf 79' lang='lat'><em>1732</em></span> 
     </span>
     <span class='ocr_line' id='line_1_6' title="bbox 349 1103 649 1187; baseline -0.013 -23"><span class='ocrx_word' id='word_1_33' title='bbox 349 1103 523 1166; x_wconf 79' lang='lat' dir='ltr'><strong>elcltur.</strong></span> <span class='ocrx_word' id='word_1_34' title='bbox 550 1109 590 1164; x_wconf 91' lang='lat' dir='ltr'><strong>v.</strong></span> <span class='ocrx_word' id='word_1_35' title='bbox 610 1107 649 1187; x_wconf 82' lang='lat' dir='ltr'><strong>g.</strong></span> 
     </span>
    </p>
   </div>
   <div class='ocr_carea' id='block_1_4' title="bbox 353 1281 1704 1778">
    <p class='ocr_par' dir='ltr' id='par_1_4' title="bbox 353 1281 1704 1778">
     <span class='ocr_line' id='line_1_7' title="bbox 353 1281 1699 1394; baseline 0.006 -26"><span class='ocrx_word' id='word_1_36' title='bbox 353 1281 733 1368; x_wconf 84' lang='lat' dir='ltr'><strong>Ordohorizontalis</strong></span> <span class='ocrx_word' id='word_1_37' title='bbox 758 1299 834 1388; x_wconf 80' lang='lat'><strong>348</strong></span> <span class='ocrx_word' id='word_1_38' title='bbox 861 1309 907 1372; x_wconf 78' lang='lat' dir='ltr'><strong>-t-</strong></span> <span class='ocrx_word' id='word_1_39' title='bbox 933 1287 1005 1390; x_wconf 87' lang='grc'><strong>364</strong></span> <span class='ocrx_word' id='word_1_40' title='bbox 1032 1307 1078 1372; x_wconf 71' lang='lat'>4</span> <span class='ocrx_word' id='word_1_41' title='bbox 1103 1309 1179 1392; x_wconf 92' lang='grc'><strong>344</strong></span> <span class='ocrx_word' id='word_1_42' title='bbox 1202 1311 1249 1374; x_wconf 82' lang='grc'><strong>-4-</strong></span> <span class='ocrx_word' id='word_1_43' title='bbox 1274 1309 1350 1394; x_wconf 79' lang='grc'>359</span> <span class='ocrx_word' id='word_1_44' title='bbox 1373 1313 1419 1375; x_wconf 83' lang='grc'><strong>-4-</strong></span> <span class='ocrx_word' id='word_1_45' title='bbox 1442 1305 1699 1394; x_wconf 64' lang='grc'>34434754</span> 
     </span>
     <span class='ocr_line' id='line_1_8' title="bbox 356 1387 1701 1506; baseline 0.004 -38"><span class='ocrx_word' id='word_1_46' title='bbox 356 1389 467 1468; x_wconf 84' lang='lat' dir='ltr'><strong>ordo</strong></span> <span class='ocrx_word' id='word_1_47' title='bbox 491 1387 688 1506; x_wconf 74' lang='lat' dir='ltr'><strong>verticalis</strong></span> <span class='ocrx_word' id='word_1_48' title='bbox 754 1402 830 1490; x_wconf 82' lang='lat'><strong>348</strong></span> <span class='ocrx_word' id='word_1_49' title='bbox 855 1414 902 1477; x_wconf 81' lang='grc'><strong>-4-</strong></span> <span class='ocrx_word' id='word_1_50' title='bbox 928 1413 1000 1492; x_wconf 88' lang='grc'><strong>344</strong></span> <span class='ocrx_word' id='word_1_51' title='bbox 1027 1411 1073 1474; x_wconf 71' lang='grc'><strong>4-</strong></span> <span class='ocrx_word' id='word_1_52' title='bbox 1099 1409 1174 1494; x_wconf 76' lang='grc'><strong>354</strong></span> <span class='ocrx_word' id='word_1_53' title='bbox 1201 1413 1248 1476; x_wconf 84' lang='grc'><strong>-4-</strong></span> <span class='ocrx_word' id='word_1_54' title='bbox 1274 1413 1350 1494; x_wconf 81' lang='grc'><strong>349</strong></span> <span class='ocrx_word' id='word_1_55' title='bbox 1378 1417 1424 1477; x_wconf 86' lang='grc'><strong>-4-</strong></span> <span class='ocrx_word' id='word_1_56' title='bbox 1452 1393 1701 1494; x_wconf 54' lang='grc'>3643754</span> 
     </span>
     <span class='ocr_line' id='line_1_9' title="bbox 357 1489 1702 1596; baseline -0.001 -3"><span class='ocrx_word' id='word_1_57' title='bbox 357 1489 469 1576; x_wconf 78' lang='lat' dir='ltr'><strong>Ordo</strong></span> <span class='ocrx_word' id='word_1_58' title='bbox 487 1491 696 1594; x_wconf 73' lang='grc'>4444444144</span> <span class='ocrx_word' id='word_1_59' title='bbox 758 1504 833 1592; x_wconf 85' lang='grc'><strong>344</strong></span> <span class='ocrx_word' id='word_1_60' title='bbox 859 1515 907 1578; x_wconf 64' lang='grc'><strong>4</strong></span> <span class='ocrx_word' id='word_1_61' title='bbox 932 1515 1008 1595; x_wconf 83' lang='grc'><strong>344</strong></span> <span class='ocrx_word' id='word_1_62' title='bbox 1033 1514 1079 1574; x_wconf 77' lang='lat'><strong>÷</strong></span> <span class='ocrx_word' id='word_1_63' title='bbox 1104 1513 1179 1594; x_wconf 78' lang='grc'><strong>344</strong></span> <span class='ocrx_word' id='word_1_64' title='bbox 1205 1515 1252 1578; x_wconf 72' lang='grc'><strong>4-</strong></span> <span class='ocrx_word' id='word_1_65' title='bbox 1277 1512 1349 1596; x_wconf 79' lang='grc'><strong>344</strong></span> <span class='ocrx_word' id='word_1_66' title='bbox 1378 1517 1424 1577; x_wconf 77' lang='lat'>÷</span> <span class='ocrx_word' id='word_1_67' title='bbox 1451 1509 1702 1596; x_wconf 66' lang='lat' dir='ltr'><strong>asam-usa</strong></span> 
     </span>
     <span class='ocr_line' id='line_1_10' title="bbox 358 1589 1704 1778; baseline -0.001 -83"><span class='ocrx_word' id='word_1_68' title='bbox 358 1589 706 1778; x_wconf 49' lang='lat' dir='ltr'><strong>Cognpnhsuna</strong></span> <span class='ocrx_word' id='word_1_69' title='bbox 747 1605 834 1706; x_wconf 74' lang='grc'>,344</span> <span class='ocrx_word' id='word_1_70' title='bbox 856 1614 904 1680; x_wconf 68' lang='grc'><strong>4</strong></span> <span class='ocrx_word' id='word_1_71' title='bbox 930 1613 1006 1696; x_wconf 81' lang='grc'><strong>344</strong></span> <span class='ocrx_word' id='word_1_72' title='bbox 1032 1613 1078 1678; x_wconf 82' lang='lat'>÷</span> <span class='ocrx_word' id='word_1_73' title='bbox 1102 1615 1177 1698; x_wconf 79' lang='grc'><strong>344</strong></span> <span class='ocrx_word' id='word_1_74' title='bbox 1202 1615 1248 1680; x_wconf 82' lang='lat'>÷</span> <span class='ocrx_word' id='word_1_75' title='bbox 1269 1597 1348 1698; x_wconf 77' lang='lat'><strong>3⁶0</strong></span> <span class='ocrx_word' id='word_1_76' title='bbox 1372 1615 1420 1678; x_wconf 77' lang='lat'><em>÷</em></span> <span class='ocrx_word' id='word_1_77' title='bbox 1445 1613 1589 1700; x_wconf 71' lang='lat' dir='ltr'><strong>ass:-</strong></span> <span class='ocrx_word' id='word_1_78' title='bbox 1606 1613 1704 1697; x_wconf 80' lang='grc'>4444</span> 
     </span>
     <span class='ocr_line' id='line_1_11' title="bbox 444 1709 1615 1775; baseline -0.002 0"><span class='ocrx_word' id='word_1_79' title='bbox 444 1709 533 1775; x_wconf 81' lang='lat' dir='ltr'><strong>trc</strong></span> <span class='ocrx_word' id='word_1_80' title='bbox 575 1713 792 1772; x_wconf 82' lang='lat' dir='ltr'><strong>ecaeerrs.</strong></span> <span class='ocrx_word' id='word_1_81' title='bbox 1613 1731 1615 1738; x_wconf 95' lang='lat'>·</span> 
     </span>
    </p>
   </div>
   <div class='ocr_carea' id='block_1_5' title="bbox 360 1893 1718 3726">
    <p class='ocr_par' dir='ltr' id='par_1_5' title="bbox 360 1893 1718 3726">
     <span class='ocr_line' id='line_1_12' title="bbox 362 1893 1707 2003; baseline 0 -29"><span class='ocrx_word' id='word_1_82' title='bbox 362 1945 368 1954; x_wconf 90' lang='lat'><em>-</em></span> <span class='ocrx_word' id='word_1_83' title='bbox 463 1897 515 1976; x_wconf 82' lang='lat' dir='ltr'><strong>Et</strong></span> <span class='ocrx_word' id='word_1_84' title='bbox 532 1899 623 1978; x_wconf 85' lang='lat' dir='ltr'><strong>haec</strong></span> <span class='ocrx_word' id='word_1_85' title='bbox 668 1893 803 2001; x_wconf 82' lang='lat' dir='ltr'><strong>uidem</strong></span> <span class='ocrx_word' id='word_1_86' title='bbox 822 1893 873 1974; x_wconf 90' lang='lat' dir='ltr'><strong>de</strong></span> <span class='ocrx_word' id='word_1_87' title='bbox 889 1899 1084 2003; x_wconf 75' lang='lat' dir='ltr'><strong>quadratis,</strong></span> <span class='ocrx_word' id='word_1_88' title='bbox 1111 1913 1207 2000; x_wconf 86' lang='lat' dir='ltr'><strong>qnae</strong></span> <span class='ocrx_word' id='word_1_89' title='bbox 1230 1895 1335 1976; x_wconf 88' lang='lat' dir='ltr'><strong>fiunt</strong></span> <span class='ocrx_word' id='word_1_90' title='bbox 1361 1914 1411 1973; x_wconf 85' lang='lat' dir='ltr'><strong>ex</strong></span> <span class='ocrx_word' id='word_1_91' title='bbox 1428 1893 1602 1976; x_wconf 89' lang='lat' dir='ltr'><strong>numeris</strong></span> <span class='ocrx_word' id='word_1_92' title='bbox 1615 1901 1707 2000; x_wconf 64' lang='lat' dir='ltr'><strong>prol</strong></span> 
     </span>
     <span class='ocr_line' id='line_1_13' title="bbox 360 1923 1703 2104; baseline -0.003 -24"><span class='ocrx_word' id='word_1_93' title='bbox 360 1999 562 2104; x_wconf 74' lang='lat' dir='ltr'><strong>grellionis</strong></span> <span class='ocrx_word' id='word_1_94' title='bbox 588 1923 769 2077; x_wconf 66' lang='lat' dir='ltr'><strong>ordinem</strong></span> <span class='ocrx_word' id='word_1_95' title='bbox 789 1998 1047 2077; x_wconf 84' lang='lat' dir='ltr'><strong>servantibus.</strong></span> <span class='ocrx_word' id='word_1_96' title='bbox 1125 1995 1248 2102; x_wconf 87' lang='lat' dir='ltr'><strong>Quod</strong></span> <span class='ocrx_word' id='word_1_97' title='bbox 1266 1997 1293 2077; x_wconf 83' lang='lat' dir='ltr'><strong>sn</strong></span> <span class='ocrx_word' id='word_1_98' title='bbox 1309 2017 1409 2076; x_wconf 89' lang='lat' dir='ltr'><strong>vero</strong></span> <span class='ocrx_word' id='word_1_99' title='bbox 1426 1996 1703 2100; x_wconf 83' lang='lat' dir='ltr'><strong>progredionis</strong></span> 
     </span>
     <span class='ocr_line' id='line_1_14' title="bbox 363 2096 1707 2202; baseline -0.002 -20"><span class='ocrx_word' id='word_1_100' title='bbox 363 2101 544 2182; x_wconf 85' lang='lat' dir='ltr'><strong>ordinem</strong></span> <span class='ocrx_word' id='word_1_101' title='bbox 561 2100 601 2178; x_wconf 93' lang='lat' dir='ltr'><strong>in</strong></span> <span class='ocrx_word' id='word_1_102' title='bbox 628 2101 804 2179; x_wconf 87' lang='lat' dir='ltr'><strong>numeris</strong></span> <span class='ocrx_word' id='word_1_103' title='bbox 833 2097 1067 2200; x_wconf 87' lang='lat' dir='ltr'><strong>interrumpi</strong></span> <span class='ocrx_word' id='word_1_104' title='bbox 1093 2096 1137 2180; x_wconf 83' lang='lat' dir='ltr'><strong>snt</strong></span> <span class='ocrx_word' id='word_1_105' title='bbox 1161 2097 1394 2197; x_wconf 73' lang='lat' dir='ltr'><strong>necessum,</strong></span> <span class='ocrx_word' id='word_1_106' title='bbox 1431 2121 1575 2202; x_wconf 89' lang='lat' dir='ltr'><strong>nempe</strong></span> <span class='ocrx_word' id='word_1_107' title='bbox 1601 2115 1647 2178; x_wconf 91' lang='lat' dir='ltr'><strong>ut</strong></span> <span class='ocrx_word' id='word_1_108' title='bbox 1665 2097 1707 2179; x_wconf 90' lang='lat' dir='ltr'><strong>in</strong></span> 
     </span>
     <span class='ocr_line' id='line_1_15' title="bbox 364 2199 1707 2310; baseline -0.003 -26"><span class='ocrx_word' id='word_1_109' title='bbox 364 2201 542 2310; x_wconf 86' lang='lat' dir='ltr'><strong>quadrati</strong></span> <span class='ocrx_word' id='word_1_110' title='bbox 560 2201 701 2282; x_wconf 88' lang='lat' dir='ltr'><strong>areolis</strong></span> <span class='ocrx_word' id='word_1_111' title='bbox 713 2217 848 2281; x_wconf 91' lang='lat' dir='ltr'><strong>certus</strong></span> <span class='ocrx_word' id='word_1_112' title='bbox 865 2200 1055 2305; x_wconf 85' lang='lat' dir='ltr'><strong>quispiam</strong></span> <span class='ocrx_word' id='word_1_113' title='bbox 1072 2223 1262 2280; x_wconf 87' lang='lat' dir='ltr'><strong>numerus</strong></span> <span class='ocrx_word' id='word_1_114' title='bbox 1287 2199 1442 2280; x_wconf 91' lang='lat' dir='ltr'><strong>dierum</strong></span> <span class='ocrx_word' id='word_1_115' title='bbox 1461 2251 1476 2300; x_wconf 88' lang='lat'><strong>,</strong></span> <span class='ocrx_word' id='word_1_116' title='bbox 1501 2200 1707 2308; x_wconf 83' lang='lat' dir='ltr'><strong>mensium,</strong></span> 
     </span>
     <span class='ocr_line' id='line_1_16' title="bbox 365 2301 1709 2406; baseline -0.005 -21"><span class='ocrx_word' id='word_1_117' title='bbox 365 2323 432 2387; x_wconf 83' lang='lat' dir='ltr'><strong>aut</strong></span> <span class='ocrx_word' id='word_1_118' title='bbox 449 2327 642 2384; x_wconf 89' lang='lat' dir='ltr'><strong>annorum</strong></span> <span class='ocrx_word' id='word_1_119' title='bbox 662 2303 931 2406; x_wconf 78' lang='lat' dir='ltr'><strong>exprimatur,</strong></span> <span class='ocrx_word' id='word_1_120' title='bbox 959 2320 1026 2382; x_wconf 89' lang='lat' dir='ltr'><strong>aut</strong></span> <span class='ocrx_word' id='word_1_121' title='bbox 1052 2303 1166 2383; x_wconf 90' lang='lat' dir='ltr'><strong>etiam</strong></span> <span class='ocrx_word' id='word_1_122' title='bbox 1184 2321 1229 2384; x_wconf 89' lang='lat' dir='ltr'><strong>ut</strong></span> <span class='ocrx_word' id='word_1_123' title='bbox 1254 2323 1379 2381; x_wconf 89' lang='lat' dir='ltr'><strong>voces</strong></span> <span class='ocrx_word' id='word_1_124' title='bbox 1403 2301 1580 2384; x_wconf 89' lang='lat' dir='ltr'><strong>numeris</strong></span> <span class='ocrx_word' id='word_1_125' title='bbox 1600 2305 1709 2382; x_wconf 63' lang='lat' dir='ltr'><strong>cabaa</strong></span> 
     </span>
     <span class='ocr_line' id='line_1_17' title="bbox 365 2401 1708 2506; baseline -0.003 -20"><span class='ocrx_word' id='word_1_126' title='bbox 365 2407 496 2486; x_wconf 88' lang='lat' dir='ltr'><strong>listicis</strong></span> <span class='ocrx_word' id='word_1_127' title='bbox 513 2405 809 2506; x_wconf 81' lang='lat' dir='ltr'><strong>comprehensae</strong></span> <span class='ocrx_word' id='word_1_128' title='bbox 834 2406 986 2483; x_wconf 92' lang='lat' dir='ltr'><strong>sensum</strong></span> <span class='ocrx_word' id='word_1_129' title='bbox 1009 2405 1206 2506; x_wconf 82' lang='lat' dir='ltr'><strong>integrum</strong></span> <span class='ocrx_word' id='word_1_130' title='bbox 1231 2405 1333 2480; x_wconf 88' lang='lat' dir='ltr'><strong>intra</strong></span> <span class='ocrx_word' id='word_1_131' title='bbox 1355 2401 1535 2506; x_wconf 87' lang='lat' dir='ltr'><strong>quadrati</strong></span> <span class='ocrx_word' id='word_1_132' title='bbox 1551 2405 1708 2484; x_wconf 82' lang='lat' dir='ltr'><strong>cellulas</strong></span> 
     </span>
     <span class='ocr_line' id='line_1_18' title="bbox 367 2503 1710 2618; baseline -0.001 -32"><span class='ocrx_word' id='word_1_133' title='bbox 367 2508 606 2607; x_wconf 70' lang='lat' dir='ltr'><strong>exhibeant,</strong></span> <span class='ocrx_word' id='word_1_134' title='bbox 644 2520 729 2583; x_wconf 91' lang='lat' dir='ltr'><strong>tum</strong></span> <span class='ocrx_word' id='word_1_135' title='bbox 747 2505 883 2606; x_wconf 88' lang='lat' dir='ltr'><strong>majori</strong></span> <span class='ocrx_word' id='word_1_136' title='bbox 907 2504 1092 2618; x_wconf 88' lang='lat' dir='ltr'><strong>quopiam</strong></span> <span class='ocrx_word' id='word_1_137' title='bbox 1118 2503 1247 2583; x_wconf 87' lang='lat' dir='ltr'><strong>studio</strong></span> <span class='ocrx_word' id='word_1_138' title='bbox 1274 2504 1553 2604; x_wconf 89' lang='lat' dir='ltr'><strong>arithmetico,</strong></span> <span class='ocrx_word' id='word_1_139' title='bbox 1588 2523 1710 2610; x_wconf 86' lang='lat' dir='ltr'><strong>atque</strong></span> 
     </span>
     <span class='ocr_line' id='line_1_19' title="bbox 367 2604 1713 2709; baseline 0 -23"><span class='ocrx_word' id='word_1_140' title='bbox 367 2605 583 2686; x_wconf 87' lang='lat' dir='ltr'><strong>attentione</strong></span> <span class='ocrx_word' id='word_1_141' title='bbox 600 2605 655 2683; x_wconf 90' lang='lat' dir='ltr'><strong>est</strong></span> <span class='ocrx_word' id='word_1_142' title='bbox 671 2627 784 2704; x_wconf 90' lang='lat' dir='ltr'><strong>opus.</strong></span> <span class='ocrx_word' id='word_1_143' title='bbox 839 2605 952 2684; x_wconf 81' lang='lat' dir='ltr'><strong>Vehs</strong></span> <span class='ocrx_word' id='word_1_144' title='bbox 982 2631 1022 2683; x_wconf 86' lang='lat' dir='ltr'><strong>v.</strong></span> <span class='ocrx_word' id='word_1_145' title='bbox 1041 2630 1077 2706; x_wconf 87' lang='lat' dir='ltr'><strong>g.</strong></span> <span class='ocrx_word' id='word_1_146' title='bbox 1110 2607 1274 2684; x_wconf 87' lang='lat' dir='ltr'><strong>Schema</strong></span> <span class='ocrx_word' id='word_1_147' title='bbox 1294 2604 1473 2709; x_wconf 89' lang='lat' dir='ltr'><strong>quadrati</strong></span> <span class='ocrx_word' id='word_1_148' title='bbox 1491 2629 1585 2684; x_wconf 89' lang='lat' dir='ltr'><strong>mox</strong></span> <span class='ocrx_word' id='word_1_149' title='bbox 1604 2627 1713 2686; x_wconf 88' lang='lat' dir='ltr'><strong>ante·</strong></span> 
     </span>
     <span class='ocr_line' id='line_1_20' title="bbox 365 2704 1714 2821; baseline -0.002 -34"><span class='ocrx_word' id='word_1_150' title='bbox 365 2704 543 2788; x_wconf 89' lang='lat' dir='ltr'><strong>cedentis</strong></span> <span class='ocrx_word' id='word_1_151' title='bbox 557 2705 609 2784; x_wconf 93' lang='lat' dir='ltr'><strong>ita</strong></span> <span class='ocrx_word' id='word_1_152' title='bbox 630 2704 863 2806; x_wconf 82' lang='lat' dir='ltr'><strong>immutare,</strong></span> <span class='ocrx_word' id='word_1_153' title='bbox 900 2721 945 2784; x_wconf 92' lang='lat' dir='ltr'><strong>ut</strong></span> <span class='ocrx_word' id='word_1_154' title='bbox 969 2721 1117 2821; x_wconf 84' lang='lat' dir='ltr'><strong>praeter</strong></span> <span class='ocrx_word' id='word_1_155' title='bbox 1142 2731 1353 2788; x_wconf 89' lang='lat' dir='ltr'><strong>numerum</strong></span> <span class='ocrx_word' id='word_1_156' title='bbox 1381 2706 1714 2811; x_wconf 78' lang='lat' dir='ltr'><strong>1752undequa·</strong></span> 
     </span>
     <span class='ocr_line' id='line_1_21' title="bbox 368 2803 1714 2927; baseline 0 -39"><span class='ocrx_word' id='word_1_157' title='bbox 368 2833 450 2927; x_wconf 85' lang='lat' dir='ltr'><strong>que</strong></span> <span class='ocrx_word' id='word_1_158' title='bbox 467 2807 768 2910; x_wconf 85' lang='lat' dir='ltr'><strong>provenientem</strong></span> <span class='ocrx_word' id='word_1_159' title='bbox 783 2865 803 2911; x_wconf 80' lang='lat'><strong>„</strong></span> <span class='ocrx_word' id='word_1_160' title='bbox 831 2803 945 2888; x_wconf 86' lang='lat' dir='ltr'><strong>etiam</strong></span> <span class='ocrx_word' id='word_1_161' title='bbox 968 2832 1009 2888; x_wconf 91' lang='grc'><strong>444</strong></span> <span class='ocrx_word' id='word_1_162' title='bbox 1028 2804 1231 2910; x_wconf 77' lang='lat' dir='ltr'><strong>designatis</strong></span> <span class='ocrx_word' id='word_1_163' title='bbox 1257 2806 1376 2910; x_wconf 86' lang='lat' dir='ltr'><strong>hujus</strong></span> <span class='ocrx_word' id='word_1_164' title='bbox 1394 2809 1571 2910; x_wconf 84' lang='lat' dir='ltr'><strong>quadrati</strong></span> <span class='ocrx_word' id='word_1_165' title='bbox 1591 2812 1714 2888; x_wconf 87' lang='lat' dir='ltr'><strong>cellu-</strong></span> 
     </span>
     <span class='ocr_line' id='line_1_22' title="bbox 366 2907 1714 3012; baseline 0 -20"><span class='ocrx_word' id='word_1_166' title='bbox 366 2913 412 2992; x_wconf 88' lang='lat' dir='ltr'><strong>lrs</strong></span> <span class='ocrx_word' id='word_1_167' title='bbox 432 2909 673 3012; x_wconf 80' lang='lat' dir='ltr'><strong>exprimatur</strong></span> <span class='ocrx_word' id='word_1_168' title='bbox 691 2934 842 3010; x_wconf 85' lang='lat' dir='ltr'><strong>annus,</strong></span> <span class='ocrx_word' id='word_1_169' title='bbox 869 2908 1031 3012; x_wconf 87' lang='lat' dir='ltr'><strong>mensis,</strong></span> <span class='ocrx_word' id='word_1_170' title='bbox 1058 2909 1096 2988; x_wconf 80' lang='lat' dir='ltr'><strong>du</strong></span> <span class='ocrx_word' id='word_1_171' title='bbox 1113 2907 1225 3012; x_wconf 89' lang='lat' dir='ltr'><strong>dies,</strong></span> <span class='ocrx_word' id='word_1_172' title='bbox 1256 2935 1334 3012; x_wconf 93' lang='lat' dir='ltr'><strong>quo</strong></span> <span class='ocrx_word' id='word_1_173' title='bbox 1351 2927 1440 2988; x_wconf 83' lang='lat' dir='ltr'><strong>nata</strong></span> <span class='ocrx_word' id='word_1_174' title='bbox 1463 2909 1519 2990; x_wconf 92' lang='lat' dir='ltr'><strong>est</strong></span> <span class='ocrx_word' id='word_1_175' title='bbox 1530 2913 1714 2992; x_wconf 78' lang='lat' dir='ltr'>MARIA</span> 
     </span>
     <span class='ocr_line' id='line_1_23' title="bbox 367 3010 1713 3114; baseline -0.001 -22"><span class='ocrx_word' id='word_1_176' title='bbox 367 3015 639 3106; x_wconf 78' lang='lat' dir='ltr'>THERESIA</span> <span class='ocrx_word' id='word_1_177' title='bbox 658 3014 862 3114; x_wconf 88' lang='lat' dir='ltr'><strong>Augusta,</strong></span> <span class='ocrx_word' id='word_1_178' title='bbox 890 3030 1014 3090; x_wconf 86' lang='lat' dir='ltr'><strong>annus</strong></span> <span class='ocrx_word' id='word_1_179' title='bbox 1040 3033 1183 3112; x_wconf 89' lang='lat' dir='ltr'><strong>nempe</strong></span> <span class='ocrx_word' id='word_1_180' title='bbox 1209 3029 1341 3112; x_wconf 76' lang='lat'><strong>1717,</strong></span> <span class='ocrx_word' id='word_1_181' title='bbox 1368 3011 1505 3092; x_wconf 84' lang='lat' dir='ltr'><strong>menfis</strong></span> <span class='ocrx_word' id='word_1_182' title='bbox 1533 3010 1713 3114; x_wconf 87' lang='lat' dir='ltr'><strong>quintus,</strong></span> 
     </span>
     <span class='ocr_line' id='line_1_24' title="bbox 369 3111 1713 3215; baseline -0.001 -24"><span class='ocrx_word' id='word_1_183' title='bbox 369 3112 410 3191; x_wconf 94' lang='lat' dir='ltr'><strong>id</strong></span> <span class='ocrx_word' id='word_1_184' title='bbox 426 3113 482 3191; x_wconf 87' lang='lat' dir='ltr'><strong>est</strong></span> <span class='ocrx_word' id='word_1_185' title='bbox 495 3111 653 3212; x_wconf 77' lang='lat' dir='ltr'><strong>Maius,</strong></span> <span class='ocrx_word' id='word_1_186' title='bbox 679 3113 718 3194; x_wconf 77' lang='lat' dir='ltr'><strong>dc</strong></span> <span class='ocrx_word' id='word_1_187' title='bbox 742 3113 825 3192; x_wconf 92' lang='lat' dir='ltr'><strong>dies</strong></span> <span class='ocrx_word' id='word_1_188' title='bbox 844 3111 1023 3214; x_wconf 78' lang='lat' dir='ltr'><strong>ejusdem</strong></span> <span class='ocrx_word' id='word_1_189' title='bbox 1040 3113 1179 3194; x_wconf 89' lang='lat' dir='ltr'><strong>menfis</strong></span> <span class='ocrx_word' id='word_1_190' title='bbox 1201 3135 1247 3214; x_wconf 88' lang='grc'><strong>43</strong></span> <span class='ocrx_word' id='word_1_191' title='bbox 1315 3115 1415 3196; x_wconf 87' lang='lat' dir='ltr'><strong>Item</strong></span> <span class='ocrx_word' id='word_1_192' title='bbox 1437 3111 1552 3193; x_wconf 89' lang='lat' dir='ltr'><strong>etiam</strong></span> <span class='ocrx_word' id='word_1_193' title='bbox 1573 3137 1713 3215; x_wconf 83' lang='lat' dir='ltr'><strong>annus,</strong></span> 
     </span>
     <span class='ocr_line' id='line_1_25' title="bbox 366 3212 1718 3322; baseline 0 -30"><span class='ocrx_word' id='word_1_194' title='bbox 366 3212 531 3315; x_wconf 78' lang='lat' dir='ltr'><strong>mensus,</strong></span> <span class='ocrx_word' id='word_1_195' title='bbox 559 3215 597 3296; x_wconf 77' lang='lat' dir='ltr'><strong>dc</strong></span> <span class='ocrx_word' id='word_1_196' title='bbox 619 3212 728 3316; x_wconf 84' lang='lat' dir='ltr'><strong>dies,</strong></span> <span class='ocrx_word' id='word_1_197' title='bbox 755 3239 837 3317; x_wconf 91' lang='lat' dir='ltr'><strong>quo</strong></span> <span class='ocrx_word' id='word_1_198' title='bbox 856 3229 969 3294; x_wconf 90' lang='lat' dir='ltr'><strong>natus</strong></span> <span class='ocrx_word' id='word_1_199' title='bbox 987 3213 1043 3290; x_wconf 90' lang='lat' dir='ltr'><strong>est</strong></span> <span class='ocrx_word' id='word_1_200' title='bbox 1057 3213 1326 3292; x_wconf 77' lang='lat' dir='ltr'><strong>serenissimus</strong></span> <span class='ocrx_word' id='word_1_201' title='bbox 1346 3215 1559 3295; x_wconf 83' lang='lat' dir='ltr'><strong>Archidux</strong></span> <span class='ocrx_word' id='word_1_202' title='bbox 1578 3213 1718 3322; x_wconf 81' lang='lat' dir='ltr'><strong>JOSE·</strong></span> 
     </span>
     <span class='ocr_line' id='line_1_26' title="bbox 368 3313 1715 3420; baseline -0.004 -21"><span class='ocrx_word' id='word_1_203' title='bbox 368 3317 526 3416; x_wconf 89' lang='lat' dir='ltr'><strong>PHUS,</strong></span> <span class='ocrx_word' id='word_1_204' title='bbox 558 3315 741 3396; x_wconf 90' lang='lat' dir='ltr'><strong>nimirum</strong></span> <span class='ocrx_word' id='word_1_205' title='bbox 760 3342 884 3396; x_wconf 86' lang='lat' dir='ltr'><strong>annus</strong></span> <span class='ocrx_word' id='word_1_206' title='bbox 903 3334 997 3414; x_wconf 88' lang='grc'>4744</span> <span class='ocrx_word' id='word_1_207' title='bbox 1013 3369 1027 3414; x_wconf 89' lang='lat'><strong>,</strong></span> <span class='ocrx_word' id='word_1_208' title='bbox 1053 3313 1193 3393; x_wconf 88' lang='lat' dir='ltr'><strong>mensis</strong></span> <span class='ocrx_word' id='word_1_209' title='bbox 1210 3313 1376 3420; x_wconf 90' lang='lat' dir='ltr'><strong>tertius,</strong></span> <span class='ocrx_word' id='word_1_210' title='bbox 1404 3315 1446 3396; x_wconf 91' lang='lat' dir='ltr'><strong>id</strong></span> <span class='ocrx_word' id='word_1_211' title='bbox 1464 3317 1518 3394; x_wconf 90' lang='lat' dir='ltr'><strong>est</strong></span> <span class='ocrx_word' id='word_1_212' title='bbox 1533 3317 1715 3418; x_wconf 76' lang='lat' dir='ltr'><strong>MartiuS,</strong></span> 
     </span>
     <span class='ocr_line' id='line_1_27' title="bbox 370 3413 1718 3520; baseline -0.001 -22"><span class='ocrx_word' id='word_1_213' title='bbox 370 3417 455 3498; x_wconf 82' lang='lat' dir='ltr'><strong>&lt;lies</strong></span> <span class='ocrx_word' id='word_1_214' title='bbox 472 3415 647 3517; x_wconf 86' lang='lat' dir='ltr'><strong>ejusdem</strong></span> <span class='ocrx_word' id='word_1_215' title='bbox 673 3417 811 3498; x_wconf 89' lang='lat' dir='ltr'><strong>mensis</strong></span> <span class='ocrx_word' id='word_1_216' title='bbox 834 3418 978 3520; x_wconf 88' lang='lat' dir='ltr'><strong>pariter</strong></span> <span class='ocrx_word' id='word_1_217' title='bbox 1003 3413 1145 3494; x_wconf 90' lang='lat' dir='ltr'><strong>tertius</strong></span> <span class='ocrx_word' id='word_1_218' title='bbox 1174 3414 1383 3520; x_wconf 69' lang='lat' dir='ltr'><strong>decimus,</strong></span> <span class='ocrx_word' id='word_1_219' title='bbox 1426 3417 1553 3518; x_wconf 91' lang='lat' dir='ltr'><strong>primo</strong></span> <span class='ocrx_word' id='word_1_220' title='bbox 1578 3441 1718 3498; x_wconf 90' lang='lat' dir='ltr'><strong>nume-</strong></span> 
     </span>
     <span class='ocr_line' id='line_1_28' title="bbox 370 3516 1717 3632; baseline 0 -34"><span class='ocrx_word' id='word_1_221' title='bbox 370 3543 461 3598; x_wconf 92' lang='lat' dir='ltr'><strong>rum</strong></span> <span class='ocrx_word' id='word_1_222' title='bbox 480 3533 554 3618; x_wconf 85' lang='grc'><strong>348</strong></span> <span class='ocrx_word' id='word_1_223' title='bbox 582 3519 622 3598; x_wconf 90' lang='lat' dir='ltr'><strong>in</strong></span> <span class='ocrx_word' id='word_1_224' title='bbox 652 3519 857 3621; x_wconf 81' lang='lat' dir='ltr'><strong>superiore</strong></span> <span class='ocrx_word' id='word_1_225' title='bbox 883 3517 1059 3598; x_wconf 84' lang='lat' dir='ltr'><strong>smillima</strong></span> <span class='ocrx_word' id='word_1_226' title='bbox 1081 3517 1222 3595; x_wconf 91' lang='lat' dir='ltr'><strong>cellula</strong></span> <span class='ocrx_word' id='word_1_227' title='bbox 1247 3516 1425 3632; x_wconf 86' lang='lat' dir='ltr'><strong>quadrati</strong></span> <span class='ocrx_word' id='word_1_228' title='bbox 1450 3516 1717 3620; x_wconf 84' lang='lat' dir='ltr'><strong>praecedentis</strong></span> 
     </span>
     <span class='ocr_line' id='line_1_29' title="bbox 371 3617 1718 3726; baseline 0 -28"><span class='ocrx_word' id='word_1_229' title='bbox 371 3635 648 3698; x_wconf 88' lang='lat' dir='ltr'><strong>recurrentem</strong></span> <span class='ocrx_word' id='word_1_230' title='bbox 665 3637 863 3696; x_wconf 87' lang='lat' dir='ltr'><strong>commuta</strong></span> <span class='ocrx_word' id='word_1_231' title='bbox 883 3617 923 3695; x_wconf 94' lang='lat' dir='ltr'><strong>in</strong></span> <span class='ocrx_word' id='word_1_232' title='bbox 943 3636 989 3715; x_wconf 83' lang='lat'><strong>17</strong></span> <span class='ocrx_word' id='word_1_233' title='bbox 1010 3673 1026 3719; x_wconf 87' lang='lat'><strong>,</strong></span> <span class='ocrx_word' id='word_1_234' title='bbox 1061 3631 1107 3696; x_wconf 91' lang='lat' dir='ltr'><strong>ut</strong></span> <span class='ocrx_word' id='word_1_235' title='bbox 1135 3618 1327 3720; x_wconf 83' lang='lat' dir='ltr'><strong>consprcis</strong></span> <span class='ocrx_word' id='word_1_236' title='bbox 1354 3622 1395 3700; x_wconf 93' lang='lat' dir='ltr'><strong>in</strong></span> <span class='ocrx_word' id='word_1_237' title='bbox 1422 3617 1602 3726; x_wconf 89' lang='lat' dir='ltr'><strong>sequenti</strong></span> <span class='ocrx_word' id='word_1_238' title='bbox 1623 3645 1718 3724; x_wconf 84' lang='lat' dir='ltr'><strong>qua-</strong></span> 
     </span>
    </p>
   </div>
   <div class='ocr_carea' id='block_1_6' title="bbox 347 3715 1717 3904">
    <p class='ocr_par' dir='ltr' id='par_1_6' title="bbox 347 3715 1717 3904">
     <span class='ocr_line' id='line_1_30' title="bbox 347 3715 1717 3904; baseline 0.007 -112"><span class='ocrx_word' id='word_1_239' title='bbox 347 3719 487 3798; x_wconf 83' lang='lat' dir='ltr'><strong>drato</strong></span> <span class='ocrx_word' id='word_1_240' title='bbox 512 3715 963 3820; x_wconf 87' lang='lat' dir='ltr'><strong>arithmetico-magico,</strong></span> <span class='ocrx_word' id='word_1_241' title='bbox 990 3719 1027 3796; x_wconf 79' lang='lat' dir='ltr'><strong>dr</strong></span> <span class='ocrx_word' id='word_1_242' title='bbox 1052 3721 1312 3800; x_wconf 89' lang='lat' dir='ltr'><strong>remanebunt</strong></span> <span class='ocrx_word' id='word_1_243' title='bbox 1324 3745 1406 3904; x_wconf 50' lang='grc' dir='ltr'><strong>κ334</strong></span> <span class='ocrx_word' id='word_1_244' title='bbox 1428 3776 1442 3819; x_wconf 87' lang='lat'><strong>,</strong></span> <span class='ocrx_word' id='word_1_245' title='bbox 1480 3743 1599 3826; x_wconf 90' lang='lat' dir='ltr'><strong>quem</strong></span> <span class='ocrx_word' id='word_1_246' title='bbox 1617 3745 1717 3802; x_wconf 91' lang='lat' dir='ltr'><strong>eun-</strong></span> 
     </span>
    </p>
   </div>
   <div class='ocr_carea' id='block_1_7' title="bbox 373 3809 1721 4412">
    <p class='ocr_par' dir='ltr' id='par_1_7' title="bbox 373 3809 1721 4332">
     <span class='ocr_line' id='line_1_31' title="bbox 376 3809 1720 3924; baseline 0.001 -24"><span class='ocrx_word' id='word_1_247' title='bbox 376 3819 465 3900; x_wconf 90' lang='lat' dir='ltr'><strong>dem</strong></span> <span class='ocrx_word' id='word_1_248' title='bbox 483 3809 690 3900; x_wconf 80' lang='lat' dir='ltr'><strong>numerum</strong></span> <span class='ocrx_word' id='word_1_249' title='bbox 722 3841 792 3923; x_wconf 84' lang='lat'><strong>331</strong></span> <span class='ocrx_word' id='word_1_250' title='bbox 814 3834 969 3924; x_wconf 87' lang='lat' dir='ltr'><strong>quartae</strong></span> <span class='ocrx_word' id='word_1_251' title='bbox 995 3822 1186 3924; x_wconf 77' lang='lat' dir='ltr'><strong>cellulae,</strong></span> <span class='ocrx_word' id='word_1_252' title='bbox 1223 3820 1328 3902; x_wconf 86' lang='lat' dir='ltr'><strong>asmi</strong></span> <span class='ocrx_word' id='word_1_253' title='bbox 1362 3824 1415 3902; x_wconf 90' lang='lat' dir='ltr'><strong>ris</strong></span> <span class='ocrx_word' id='word_1_254' title='bbox 1435 3822 1612 3920; x_wconf 69' lang='lat' dir='ltr'><strong>dextram</strong></span> <span class='ocrx_word' id='word_1_255' title='bbox 1628 3847 1720 3903; x_wconf 86' lang='lat' dir='ltr'><strong>ver·</strong></span> 
     </span>
     <span class='ocr_line' id='line_1_32' title="bbox 375 3921 1719 4028; baseline 0.001 -26"><span class='ocrx_word' id='word_1_256' title='bbox 375 3923 438 4002; x_wconf 92' lang='lat' dir='ltr'><strong>sus</strong></span> <span class='ocrx_word' id='word_1_257' title='bbox 457 3922 659 4026; x_wconf 88' lang='lat' dir='ltr'><strong>pergendo</strong></span> <span class='ocrx_word' id='word_1_258' title='bbox 688 3921 728 4000; x_wconf 92' lang='lat' dir='ltr'><strong>in</strong></span> <span class='ocrx_word' id='word_1_259' title='bbox 750 3922 933 4024; x_wconf 87' lang='lat' dir='ltr'><strong>supremo</strong></span> <span class='ocrx_word' id='word_1_260' title='bbox 960 3921 1196 4002; x_wconf 85' lang='lat' dir='ltr'><strong>horizontali</strong></span> <span class='ocrx_word' id='word_1_261' title='bbox 1223 3923 1396 4025; x_wconf 78' lang='lat' dir='ltr'><strong>ordine,</strong></span> <span class='ocrx_word' id='word_1_262' title='bbox 1424 3922 1578 4028; x_wconf 88' lang='lat' dir='ltr'><strong>addes,</strong></span> <span class='ocrx_word' id='word_1_263' title='bbox 1614 3941 1660 4006; x_wconf 92' lang='lat' dir='ltr'><strong>ut</strong></span> <span class='ocrx_word' id='word_1_264' title='bbox 1677 3923 1719 4004; x_wconf 91' lang='lat' dir='ltr'><strong>in</strong></span> 
     </span>
     <span class='ocr_line' id='line_1_33' title="bbox 377 4023 1717 4130; baseline 0.002 -26"><span class='ocrx_word' id='word_1_265' title='bbox 377 4026 512 4106; x_wconf 87' lang='lat' dir='ltr'><strong>eadem</strong></span> <span class='ocrx_word' id='word_1_266' title='bbox 532 4043 669 4128; x_wconf 88' lang='lat' dir='ltr'><strong>quarta</strong></span> <span class='ocrx_word' id='word_1_267' title='bbox 684 4025 854 4127; x_wconf 88' lang='lat' dir='ltr'><strong>cellula,</strong></span> <span class='ocrx_word' id='word_1_268' title='bbox 878 4023 970 4099; x_wconf 94' lang='lat' dir='ltr'><strong>loco</strong></span> <span class='ocrx_word' id='word_1_269' title='bbox 990 4042 1012 4122; x_wconf 87' lang='grc'><strong>3</strong></span> <span class='ocrx_word' id='word_1_270' title='bbox 1018 4040 1066 4120; x_wconf 77' lang='lat'><strong>59</strong></span> <span class='ocrx_word' id='word_1_271' title='bbox 1086 4024 1228 4123; x_wconf 89' lang='lat' dir='ltr'><strong>prioris</strong></span> <span class='ocrx_word' id='word_1_272' title='bbox 1256 4025 1486 4125; x_wconf 82' lang='lat' dir='ltr'><strong>schematis,</strong></span> <span class='ocrx_word' id='word_1_273' title='bbox 1514 4023 1588 4106; x_wconf 87' lang='lat' dir='ltr'><strong>smt</strong></span> <span class='ocrx_word' id='word_1_274' title='bbox 1608 4029 1717 4130; x_wconf 81' lang='lat'>6993</span> 
     </span>
     <span class='ocr_line' id='line_1_34' title="bbox 373 4121 1721 4236; baseline -0.001 -30"><span class='ocrx_word' id='word_1_275' title='bbox 373 4129 502 4230; x_wconf 84' lang='lat' dir='ltr'><strong>Igitur</strong></span> <span class='ocrx_word' id='word_1_276' title='bbox 525 4144 618 4205; x_wconf 87' lang='lat' dir='ltr'><strong>utut</strong></span> <span class='ocrx_word' id='word_1_277' title='bbox 639 4127 826 4228; x_wconf 87' lang='lat' dir='ltr'><strong>numeri,</strong></span> <span class='ocrx_word' id='word_1_278' title='bbox 853 4126 893 4203; x_wconf 92' lang='lat' dir='ltr'><strong>in</strong></span> <span class='ocrx_word' id='word_1_279' title='bbox 949 4121 1048 4236; x_wconf 79' lang='lat' dir='ltr'><strong>rimo</strong></span> <span class='ocrx_word' id='word_1_280' title='bbox 1075 4125 1309 4208; x_wconf 85' lang='lat' dir='ltr'><strong>horizontali</strong></span> <span class='ocrx_word' id='word_1_281' title='bbox 1333 4124 1474 4206; x_wconf 88' lang='lat' dir='ltr'><strong>ordine</strong></span> <span class='ocrx_word' id='word_1_282' title='bbox 1499 4124 1572 4207; x_wconf 73' lang='lat' dir='ltr'><strong>sint</strong></span> <span class='ocrx_word' id='word_1_283' title='bbox 1589 4126 1721 4207; x_wconf 67' lang='lat' dir='ltr'><strong>‘inter-</strong></span> 
     </span>
     <span class='ocr_line' id='line_1_35' title="bbox 373 4221 1719 4332; baseline 0.002 -25"><span class='ocrx_word' id='word_1_284' title='bbox 373 4227 511 4330; x_wconf 88' lang='lat' dir='ltr'><strong>rupti,</strong></span> <span class='ocrx_word' id='word_1_285' title='bbox 537 4225 790 4312; x_wconf 84' lang='lat' dir='ltr'><strong>nihilominus</strong></span> <span class='ocrx_word' id='word_1_286' title='bbox 814 4249 903 4310; x_wconf 83' lang='lat' dir='ltr'><strong>exa</strong></span> <span class='ocrx_word' id='word_1_287' title='bbox 933 4221 1086 4304; x_wconf 78' lang='lat' dir='ltr'><strong>ditione</strong></span> <span class='ocrx_word' id='word_1_288' title='bbox 1104 4229 1279 4312; x_wconf 88' lang='lat' dir='ltr'><strong>omnium</strong></span> <span class='ocrx_word' id='word_1_289' title='bbox 1301 4227 1530 4310; x_wconf 84' lang='lat' dir='ltr'><strong>cellularum</strong></span> <span class='ocrx_word' id='word_1_290' title='bbox 1544 4227 1719 4332; x_wconf 90' lang='lat' dir='ltr'><strong>prodibit</strong></span> 
     </span>
    </p>

    <p class='ocr_par' dir='ltr' id='par_1_8' title="bbox 425 4353 1669 4412">
     <span class='ocr_line' id='line_1_36' title="bbox 425 4353 1669 4412; baseline 0 -2"><span class='ocrx_word' id='word_1_291' title='bbox 425 4369 429 4378; x_wconf 93' lang='lat'><strong>·</strong></span> <span class='ocrx_word' id='word_1_292' title='bbox 1007 4389 1010 4396; x_wconf 49' lang='lat'>2</span> <span class='ocrx_word' id='word_1_293' title='bbox 1594 4353 1669 4412; x_wconf 84' lang='lat' dir='ltr'><strong>nu-</strong></span> 
     </span>
    </p>
   </div>
   <div class='ocr_carea' id='block_1_8' title="bbox 0 0 1952 4948">
    <p class='ocr_par' dir='ltr' id='par_1_9' title="bbox 0 0 1952 4948">
     <span class='ocr_line' id='line_1_37' title="bbox 0 0 1952 4948; baseline 0 0"><span class='ocrx_word' id='word_1_294' title='bbox 0 0 1952 4948; x_wconf 95' lang='lat' dir='ltr'><strong> </strong></span> 
     </span>
    </p>
   </div>
  </div>
 </body>
</html>
