3850 4948
356 527 418 610 ne
549 493 559 598 ’.
704 527 1018 600 GEOMETRIAE
1038 529 1201 600 curor
1223 523 1269 598 v.

316 693 404 794 bat,
432 694 551 795 super
570 693 703 775 fulcro
718 695 874 800 innixa,
902 717 1023 802 atque
1038 695 1169 780 lineali
1188 696 1354 798 dioptris
1365 693 1574 798 instruito,
1602 719 1667 776 re·

316 795 542 876 centiffimis
561 822 660 877 vero
684 799 791 876 euris
806 799 904 880 illud
936 801 1219 881 aeceslionibus
1245 799 1362 878 tantis
1384 799 1438 877 est
1452 801 1669 900 locupleta-

316 909 423 994 tum,
451 913 497 978 ut
520 919 604 979 tum
624 902 676 978 ob
701 900 852 1000 fulcri,
881 902 921 982 in
946 901 1144 1004 tripodem
1170 901 1414 1000 desinentis,
1451 900 1669 998 firmiorem

315 999 625 1102 consistentiam,
651 1017 736 1082 tum
755 1006 807 1082 ob
831 1005 1077 1108 omnigenam
1104 1005 1145 1084 in
1167 1027 1305 1082 omnes
1330 1001 1568 1082 diresliones
1586 1028 1671 1081 mo-

316 1099 527 1199 bilitatem,
554 1122 639 1185 tum
656 1102 771 1183 etiam
789 1107 842 1183 ob
863 1106 1013 1208 ipsum,
1071 1131 1164 1186 uem
1191 1105 1303 1207 prius
1329 1105 1453 1182 solum
1478 1104 1666 1206 habehat,

315 1221 469 1320 motum
485 1205 744 1308 circularem,
770 1226 854 1308 ope·
869 1137 1275 1315 epistyliidenticulati
1292 1224 1412 1309 atque
1433 1209 1602 1321 tympani
1611 1208 1669 1286 sa-

316 1306 497 1385 cihorem
516 1310 746 1408 redditum,
773 1333 924 1388 novum
951 1309 1072 1390 hodie
1100 1325 1136 1388 at
1167 1333 1219 1388 ue
1238 1335 1259 1386 a
1278 1307 1408 1386 veteri
1426 1333 1587 1387 ommno
1614 1307 1671 1387 div

315 1407 474 1488 versum
501 1411 654 1491 censeri
683 1409 839 1491 debeat.
899 1413 1133 1492 Emendatae
1187 1413 1277 1511 ujus
1302 1408 1489 1490 mensulae
1515 1433 1672 1488 omnem

317 1507 648 1614 descriptionem,
675 1513 718 1591 δι’
728 1513 840 1590 usum
858 1514 900 1594 in
917 1513 1062 1593 eximio
1074 1538 1220 1614 opere,
1247 1535 1377 1612 nuper·
1391 1513 1494 1616 typis
1512 1513 1672 1612 evulgo
1713 1603 1717 1612 ἱ

317 1629 360 1691 to
370 1667 393 1712 „
411 1617 449 1688 de
460 1623 504 1690 Rc
520 1617 759 1721 ichnographica
775 1617 1011 1716 persecutus
1028 1616 1084 1694 est
1096 1615 1233 1712 Jacobur
1245 1624 1445 1718 Marinonius
1460 1613 1671 1692 Mathema-

317 1715 425 1792 ticus
443 1712 670 1805 Caesareus,
699 1716 799 1795 adeo
816 1719 1056 1814 luculente,
1087 1731 1134 1795 ut
1160 1741 1210 1794 ex
1233 1730 1368 1806 mente
1389 1713 1521 1816 Magni
1549 1719 1673 1813 stffis»

313 1813 523 1915 plenariam
540 1815 739 1894 utilillimo
755 1815 1018 1898 instrumento
1032 1817 1184 1895 constet
1203 1808 1393 1917 dignitas,
1428 1817 1605 1919 nihilque
1629 1815 1671 1894 in

315 1939 369 1991 eo
385 1941 460 2017 pro
481 1918 753 1997 Geometricae
772 1943 943 2018 praxeos
959 1918 1230 1998 emolumento
1245 1941 1367 2016 porro
1387 1916 1596 1996 desiderari
1614 1916 1675 1994 vi·

321 2015 480 2100 dentur.
535 2029 671 2199 (spuere
691 2021 744 2100 sat
768 2021 926 2119 suerit,
962 2017 1127 2120 digitum
1181 2020 1268 2095 lura
1294 2017 1391 2095 scire
1417 2016 1669 2118 cupientibus

319 2119 368 2198 ad
386 2119 536 2223 limpidi
569 2147 688 2201 rmum
714 2124 823 2202 hunc
850 2125 1001 2203 sontem
1029 2043 1269 2214 intendisse,
1296 2141 1388 2196 cum
1405 2119 1580 2219 alioquin
1602 2117 1674 2196 mi-

145 2227 159 2292 .’
189 2223 198 2240 ‘
231 2215 283 2234 “
319 2222 360 2300 hi
380 2225 628 2324 compendiis
650 2222 822 2304 studenti
843 2249 925 2302 non
944 2221 1062 2300 liceat
1085 2218 1361 2323 praeclariffimi
1387 2217 1558 2300 ruituris
1576 2221 1674 2318 justa

237 2411 242 2416 ,
269 2381 274 2386 -
319 2325 484 2429 vestigia
494 2328 708 2426 relegere·
733 2326 889 2424 minus,
916 2323 1124 2403 absolutam
1136 2321 1349 2401 dosbrinam
1367 2319 1564 2400 mutilare.
1590 2313 1677 2428 Qu'i

320 2425 583 2505 instrumento
600 2429 678 2504 hoc
694 2385 800 2505 siene
817 2427 876 2503 uti
894 2441 1067 2526 norunt,
1096 2448 1149 2501 ex
1173 2438 1234 2500 tot
1259 2420 1453 2522 assumptis
1468 2423 1520 2538 'in
1542 2423 1674 2503 tabule

318 2526 507 2627 centris,
544 2543 646 2630 quot
661 2527 845 2605 stationes
877 2525 920 2604 in
942 2525 1146 2604 territorio
1172 2525 1379 2625 elegerunt
1406 2579 1423 2623 ,
1465 2541 1677 2604 intuentur

320 2627 481 2708 tandem
508 2628 550 2708 in
578 2627 708 2707 charta
740 2629 905 2730 expansa
934 2652 1091 2708 onmem
1108 2623 1301 2704 territorii
1323 2623 1530 2730 figuram,
1556 2651 1676 2732 quam

312 2727 467 2812 deinde
484 2745 668 2833 oporteat
686 2733 799 2813 sealae
818 2725 1016 2812 beneficio
1034 2729 1276 2808 mensurare.

421 2911 469 3014 In
487 2933 638 3016 musaeo
657 2933 791 3016 nostro
809 2935 1032 3018 academico
1050 2929 1293 3033 ejuscemodi
1318 2933 1489 3014 mensula
1504 2941 1671 3037 praecla-

312 3057 367 3112 -re
383 3039 578 3114 elaborata
593 3039 743 3135 existit,
771 3063 868 3139 quae
886 3039 1068 3141 pluribus
1092 3035 1391 3137 operationibus
1409 3036 1671 3138 Gaeodaeticis

319 3135 605 3217 accuratissime
623 3137 810 3220 deservit.

322 3347 362 3445 §.
378 3367 467 3438 114·
496 3342 750 3520 MEnsulae
763 3339 859 3424 huic
877 3343 1147 3423 Geometrieae
1162 3337 1493 3441 necessariiporro
1512 3343 1676 3424 accede-

613 3470 659 3523 re
678 3447 826 3527 debent
842 3447 964 3542 bacilli,
994 3467 1017 3547 3
1039 3459 1105 3523 aut
1124 3468 1147 3535 4
1164 3439 1286 3543 pedes
1304 3441 1430 3622 longi,
1458 3445 1672 3547 ferreaque

320 3540 486 3644 cuspide
503 3545 668 3646 muniti,
696 3573 780 3649 quo
788 3545 941 3623 facilius
960 3560 1106 3649 queant
1124 3543 1166 3624 in
1186 3557 1329 3622 terram
1348 3568 1368 3640 a
1398 3541 1449 3644 igi
1472 3572 1485 3644 ς
1512 3547 1605 3625 item
1622 3575 1675 3624 ve·

321 3653 401 3723 xilla
413 3647 561 3723 bacillis
575 3647 891 3748 interponenda,
920 3647 959 3726 dr
974 3673 1080 3728 carena
1091 3654 1208 3745 ferrea,
1234 3648 1350 3745 cujus
1368 3643 1521 3724 articuli
1548 3671 1675 3727 unum

324 3743 467 3849 pedem
481 3744 554 3824 sint
572 3743 653 3824 lon¹
669 3747 702 3850 ’ς
728 3749 847 3826 funes
866 3747 963 3849 qnip
994 3773 1016 3825 e
1032 3773 1106 3851 pro
1117 3749 1350 3848 camporum
1371 3745 1612 3829 dimensione
1631 3751 1678 3830 fi-

316 3873 374 3928 ne
392 3857 574 3928 errorum
591 3847 630 3928 di
648 3849 813 3932 crimine
830 3871 912 3928 non
979 3849 1191 3950 hibentur,
1218 3865 1303 3927 tum
1320 3846 1432 3952 quod
1450 3849 1593 3930 elastici
1604 3875 1672 3931 ve·

316 3950 529 4030 -hementer
553 3951 661 4055 sint,
699 3955 738 4033 dr
759 3949 1003 4031 tendantur:
1038 3969 1121 4032 tum
1147 3949 1258 4055 quod
1281 3948 1513 4030 humoribus
1538 3951 1678 4034 imbuti

314 4053 627 4155 -contrahanturg
657 4055 844 4136 nifisorte
860 4052 971 4152 prius
990 4055 1148 4156 ole0,&
1165 4074 1256 4132 cera
1265 4053 1395 4132 valide
1413 4052 1678 4157 impraegnen·

315 4168 413 4254 tur,
441 4153 619 4257 quamvis
644 4173 800 4240 netum
821 4154 984 4262 quidem
1008 4173 1161 4238 cetenae
1196 4153 1412 4260 adaequent
1436 4157 1539 4260 apud
1568 4161 1675 4236 Geo-

313 4265 475 4336 metras
492 4257 621 4352 usum.
1063 4299 1068 4306 Δ
1487 4271 1544 4467 δ’
1597 4301 1604 4316 ·

413 4393 443 4424 ·.
1518 4374 1629 4458 ars.
