3864 4958
405 473 504 581 aa
712 519 727 564 ι
746 442 1058 580 ououuruo
1079 489 1243 574 cmm
1273 483 1384 564 nr
1472 481 1496 535 ·-
1538 471 1541 482 ·

362 665 659 760 crementorum
679 661 894 762 intervallis¹
911 661 952 745 in
970 685 1054 744 uno
1075 659 1413 762 virgulaelatere,
1431 661 1484 754 in
1502 665 1630 751 altero
1645 671 1715 752 lo.

364 778 452 843 tere
473 765 651 865 ejusdem
673 763 769 846 fiant
785 744 995 844 divifiones
1019 761 1188 865 partium
1215 765 1430 870 aequaliunt
1449 767 1554 848 ultra
1578 768 1717 869 vigam
1810 803 1813 810 ¹

346 889 521 944 morum
540 865 752 970 inaequalia
767 865 973 948 intervalla
988 892 1028 942 v.
1041 891 1077 969 g.
1096 866 1137 947 in
1148 891 1224 951 200
1245 883 1312 948 aut
1333 889 1410 971 300
1427 885 1558 973 partes
1569 894 1713 951 excur-

368 967 574 1073 rentium,
600 969 850 1084 habeturque
866 967 1019 1074 virgula
1036 982 1180 1070 parata.

560 1191 563 1196 ’
645 1195 1411 1356 rnorourrro‘xr

190 1368 220 1470 ,¹
304 1407 316 1422 ⁴
369 1408 506 1508 5426.
533 1405 731 1542 FLuidum
740 1408 817 1484 dolo·
830 1435 892 1486 aon
903 1413 988 1514 pleni
1004 1408 1211 1488 determinare
1224 1436 1278 1516 ope
1296 1411 1388 1512 hairu
1402 1416 1542 1516 virgula.

201 1535 269 1614 M,
303 1538 357 1611 χι,
600 1507 730 1588 Primo
740 1507 865 1588 totius
876 1507 971 1588 dolii
981 1509 1171 1612 capacitas
1188 1507 1599 1621 inquiratur(§.423.)
1611 1513 1719 1599 Tum

197 1595 356 1744 ΒΜ
369 1607 524 1728 yirgula
571 1634 617 1722 er
633 1605 834 1724 orificium
848 1613 883 1690 F
898 1635 1028 1712 usque
1044 1613 1084 1697 in
1107 1616 1141 1694 E
1162 1611 1406 1694 immittatur.
1467 1613 1717 1694 Advertatur

367 1739 411 1810 ‚111
429 1640 600 1797 emmila
615 1713 792 1818 ungula,
821 1727 1014 1816 quotnam
1035 1730 1166 1816 partes
1185 1715 1225 1794 in
1252 1716 1375 1794 latere
1403 1717 1617 1818 aequalium
1644 1715 1718 1794 sint

368 1813 551 1901 madidae.
623 1817 683 1896 am
701 1813 770 1895 fiat
785 1811 922 1916 regula
938 1815 1229 1929 proportionis:
1257 1815 1357 1908 licut
1372 1818 1411 1898 se
1435 1817 1553 1896 habet
1580 1839 1718 1898 nume-

369 1942 439 1998 rus
456 1917 628 2036 partium
644 1941 681 1996 ae
710 1912 856 1994 ualium
874 1929 1000 2001 totrus
1020 1913 1115 1996 dolii
1131 1921 1206 1996 ul:
1229 1918 1278 1998 ad
1302 1941 1512 1997 numerum
1538 1917 1717 1998 fimilium

399 2035 542 2104 artrum
565 2015 678 2098 fluidi
758 2017 821 2094 E:
858 2015 912 2094 ita
933 2041 1123 2096 numerus
1148 2022 1353 2120 partium,
1393 2045 1487 2135 quae
1510 2019 1716 2100 intervalla

370 2045 650 2226 icrupulorum
670 2117 960 2224 ¹vigelimorum
986 2117 1171 2200 referunt
1203 2121 1251 2202 ad
1283 2119 1566 2202 invemendum
1598 2145 1717 2225 quar·

374 2243 459 2308 tum
477 2221 688 2307 numerum
713 2217 1062 2320 proportionalem.
1090 2224 1148 2324 (l.
1166 2243 1217 2321 79
1231 2224 1472 2325 arithmetica).
1524 2223 1717 2328 Denique

374 2327 548 2408 adhibito
565 2319 733 2405 manuali
749 2319 901 2400 circino
916 2323 1094 2424 capiatur
1109 2323 1271 2422 spatium
1284 2338 1345 2401 tot
1363 2323 1574 2426 aequalium
1585 2325 1627 2402 in
1639 2323 1718 2404 vir-

377 2455 424 2530 ga
440 2427 635 2526 partium,
663 2436 763 2527 quot
778 2444 971 2511 numerus
986 2422 1174 2504 inventus
1197 2423 1369 2526 indicat,
1396 2424 1717 2506 &transferatur

373 2531 453 2608 hoc
468 2525 689 2629 spatiumin
706 2523 840 2602 scalam
857 2523 1133 2702 scrupulorum
1148 2521 1454 2626 vigelrmorum,
1490 2527 1530 2606 δι
1556 2543 1721 2608 notetur

374 2653 515 2714 eorum
534 2650 751 2726 numerus,
789 2647 885 2742 quae
904 2626 944 2728 ip
961 2653 973 2702 r
993 2641 1234 2730 congruunt.
1295 2626 1372 2708 Ubi
1391 2651 1582 2708 numerus
1610 2653 1719 2709 men-

372 2737 548 2817 surarum
567 2731 692 2812 totius
710 2723 805 2808 dolir
826 2751 898 2828 per
913 2729 1022 2806 hunc
1041 2753 1248 2808 numerum
1267 2727 1413 2808 divisus
1432 2729 1554 2810 luerit
1573 2785 1587 2832 ‚
1616 2755 1718 2834 quo-

373 2855 440 2936 tus
459 2831 565 2918 dabit
581 2853 792 2936 numerum
812 2829 1081 2937 mensurarum
1101 2829 1197 2912 dolii
1216 2855 1297 2938 non
1319 2830 1442 2934 pleni.
1468 2856 1510 2910 v.
1522 2857 1561 2934 g.
1589 2833 1717 2910 Sitca-

380 2927 807 3038 'aotasdotii.pe1·(t.
835 2935 950 3034 423.)
985 2929 1253 3034 mensurarum
1279 2934 1370 3026 246.
1406 2933 1480 3038 ΕΕ
1497 2957 1607 3036 200,
1642 2933 1723 3012 XF.

377 2969 464 3139 ἓως·
480 3049 668 3118 numerus
715 3031 851 3112 artium
867 3033 1101 3136 aequallum',
1128 3032 1599 3140 congruentiumintegro
1617 3033 1726 3116 scru-

379 3145 566 3250 pulorum
582 3063 859 3244 vigeliiuorum
874 3134 1084 3230 intervallo
1104 3159 1192 3239 190.
1250 3133 1263 3152 ”

562 3331 1222 3440 Ιαοομ--υόοωιν-ι-
1324 3357 1399 3438 190

1342 3438 1395 3530 60

329 3749 334 3760 .
355 3869 359 3878 ,
479 3767 561 3900 Jam
579 3785 799 3872 tribuamus
817 3755 878 3890 57¹,
890 3785 1004 3893 elle}-
1020 3787 1189 3888 partium
1197 3787 1238 3866 in
1250 3785 1345 3867 scala
1363 3735 1620 3899 inaequalium
1635 3785 1725 3888 {di‘

378 3890 476 3976 vilae
489 3891 565 3994 24'6
582 3893 778 3976 mensurae
797 3916 874 3994 per¹
887 3917 911 3986 4
925 3919 986 3970 -.-.-
1002 3891 1048 3972 61
1067 3901 1113 3993 a,
1140 3905 1201 3972 tot
1220 3889 1370 3996 quippe
1388 3885 1585 3989 mensurae
1602 3886 1723 3974 urdo-

378 3995 434 4080 lio
448 4017 531 4082 non
549 3995 668 4102 pleno
684 3989 1015 4084 continebuntur.
1156 4020 1159 4026 ·
1239 4117 1242 4126 ¹
1298 4102 1302 4115 Ι

1589 4223 1679 4306 co.

902 4289 905 4297 '
1012 4285 1132 4330 'tla·
1177 4251 1337 4345 &¹⁴3²
