3864 4958
876 235 917 318 Ι

382 481 443 552 tto
739 475 1050 548 GEOMETRIAE
1082 473 1244 544 CAPUT
1262 477 1344 546 vt..

346 647 416 749 qui
439 643 550 723 lateri
574 647 653 723 AB
679 643 907 746 opponitur.
961 646 1061 723 Cum
1089 617 1211 746 igitur
1234 641 1410 726 circulus
1439 645 1518 746 ¹360
1543 641 1685 746 gradus

341 747 541 826 contineat
558 746 750 926 §.2350
778 747 918 849 gradus
935 743 976 844 hi¹
989 744 1099 860 juata
1113 771 1320 825 numerum
1337 749 1570 846 angulorum
1586 743 1687 822 divi·

344 849 529 948 duntur,
555 873 567 922 1
606 849 660 926 est
676 873 747 948 per
767 865 803 944 5.
833 859 981 951 quotus
995 864 1069 932 ent
1086 867 1149 945 72.
1205 853 1347 952 Itaque
1366 843 1483 946 super
1509 847 1630 926 latere
1648 847 1690 924 A

342 955 372 1028 Β
394 948 654 1028 constituatur
669 949 806 1030 versus
826 967 1008 1028 centrum
1026 950 1191 1052 angulus
1208 954 1462 1044 AOB:72
1480 946 1688 1050 graduum.
1851 997 1852 1000 κ

340 1049 492 1166 Rursus
516 1048 751 1166 triangulum
775 1056 901 1166 AQB
924 1050 1155 1129 :duobus
1184 1047 1300 1128 renis
1336 1049 1486 1154 angulis
1519 1049 1574 1150 (i.
1625 1051 1688 1162 7.)

341 1154 471 1253 Igrtur
488 1151 655 1249 demptis
675 1172 725 1252 72
746 1153 928 1254 gradibus
946 1163 1058 1243 arao
1075 1150 1258 1254 gradibus
1275 1152 1344 1232 seu
1362 1149 1520 1230 duobus
1542 1173 1588 1228 re
1642 1173 1686 1245 s,

223 1321 232 1334 .
342 1252 602 1334 remanebunt
621 1267 694 1345 108
710 1253 851 1358 gradus
871 1277 945 1354 pro
963 1252 1126 1356 reliquis
1144 1253 1301 1334 duobus
1316 1253 1465 1355 angulis
1486 1256 1633 1350 OBA,
1649 1249 1689 1328 δι

345 1357 493 1454 Onu,
521 1355 631 1466 atqui
645 1354 727 1435 duo
744 1355 874 1458 anguli
891 1358 1033 1452 OBA,
1051 1357 1089 1433 dt
1106 1360 1228 1436 OAB
1244 1355 1517 1457 suntaequales
1535 1353 1589 1452 (l.
1601 1353 1690 1454 93.)

343 1452 471 1558 Igitur
487 1454 654 1556 quilibet
671 1481 809 1558 eorum
828 1474 876 1554 54
892 1456 1034 1557 gradus
1051 1457 1285 1537 continebit.
1341 1467 1422 1555 Jam
1444 1477 1466 1532 e
1491 1449 1688 1554 punctuli

281 1639 287 1647 ,
342 1553 640 1660 duclineam'in
657 1560 698 1639 D
717 1560 911 1664 aequalem
934 1557 1004 1659 ipsi
1029 1562 1132 1660 AB,
1162 1583 1256 1662 quae
1279 1583 1325 1638 an
1381 1558 1463 1637 lum
1488 1555 1611 1633 OBD
1630 1579 1691 1628 ::

347 1673 395 1760 54
413 1653 521 1758 grad.
541 1657 777 1761 intercipiat.
829 1663 887 1738 Ex
908 1660 1248 1740 Oducaturreeta
1265 1661 1307 1740 in
1380 1673 1543 1760 ,atque
1562 1679 1616 1733 ex
1646 1655 1689 1733 D

343 1760 479 1844 rursus
498 1757 667 1837 ducatur
682 1761 785 1842 linea
802 1761 842 1844 iu
857 1762 914 1859 E,
944 1785 1039 1864 quae
1051 1765 1233 1863 angulum
1253 1779 1301 1860 54
1319 1761 1524 1861 graduum,
1544 1775 1692 1854 nempe

348 1857 709 1946 ODEsubtendat.
762 1863 850 1942 Post
862 1861 1028 1944 formata
1080 1863 1232 1966 uinque
1255 1859 1497 1961 ejuscemodi
1523 1853 1694 1956 aequalia·

345 1975 612 2070 pentagonum
628 1961 745 2070 super
760 1963 899 2048 lineam
913 1966 992 2044 AB
1006 1891 1248 2067 deicriptum
1264 1963 1338 2043 elle
1355 1957 1641 2064 deprehendes.

686 2141 692 2152 ’
784 2181 1252 2320 seducuntt.
1366 2231 1370 2236 ·

344 2391 383 2485 §-
399 2407 489 2486 2...
519 2365 839 2586 stanti
855 2375 1700 2578 tutetrettulitretiulit>u

353 2584 604 2668 scribendum
620 2587 697 2688 sit,
724 2587 949 2670 dividantur
976 2511 1209 2682 geogoadus
1234 2587 1299 2664 vel
1316 2605 1388 2684 per
1418 2582 1468 2682 6,
1495 2599 1544 2683 7,
1571 2594 1618 2682 8,
1646 2597 1696 2676 9,

260 2727 262 2730 ·
352 2711 401 2774 12
420 2690 495 2768 &c
524 2704 625 2794 quot
639 2713 782 2789 nempe
792 2695 921 2786 latera
937 2687 1041 2768 illius
1072 2703 1145 2768 unt
1161 2685 1382 2794 polygoni3
1408 2685 1513 2762 Tum
1533 2681 1700 2784 angulus
1736 2723 1738 2730 ι

351 2789 399 2880 ad
426 2806 607 2870 centrum
625 2804 684 2870 tot
701 2791 841 2894 gradus
859 2790 1087 2892 contineat,
1124 2805 1223 2896 quot
1247 2805 1434 2868 numerus
1458 2808 1590 2900 motus,
1624 2802 1699 2880 per

353 2891 583 2971 divisionem
601 2891 770 2974 elicitus.
826 2891 1081 2972 Subtrahatur
1106 2907 1253 2996 quotus
1273 2913 1297 2966 a
1315 2899 1388 2978 180
1415 2881 1625 2996 gradibus,
1659 2880 1700 2994 dc

353 2991 555 3071 residuum
574 2996 613 3072 in
633 2995 726 3073 duas
745 2995 919 3096 aequales
939 3013 1093 3097 parteS,
1120 3019 1193 3097 pro
1212 2992 1291 3072 aliis
1310 2987 1466 3068 duobus
1483 2977 1699 3087 angulrsdr-

354 3087 536 3192 vidatur,
563 3092 849 3196 produstisque
865 3087 972 3172 cinca
990 3112 1174 3180 centrum
1191 3091 1412 3198 aequalibus
1425 3087 1611 3167 lateribus
1630 3079 1698 3164 fiat

361 3194 537 3297 operatio
555 3195 774 3276 conformis·
796 3197 851 3298 (l.
870 3201 984 3303 202.)
1513 3235 1517 3240 ·

670 3394 1158 3521 ’,80404104
1211 3403 1277 3532 n.

357 3597 396 3694 §·
416 3615 507 3690 204·
537 3601 676 3776 OPe
690 3599 829 3680 circini
847 3599 1150 3705 proportionalis
1167 3604 1410 3708 polygonum
1429 3593 1705 3776 puodcunque
1863 3631 1867 3636 -
1910 3685 1912 3694 Ι

647 3701 835 3809 eppedite
851 3705 1065 3782 formatur:
1093 3701 1138 3780 stt
1153 3731 1194 3781 v.
1217 3729 1252 3804 g.
1275 3703 1427 3780 forman
1458 3721 1523 3776 um
1543 3693 1705 3791 ouogo-
1748 3777 1755 3804 ι,

362 3825 457 3882 num
483 3830 496 3907 3
529 3805 665 3906 itaque
686 3805 928 3918 apprehenso
963 3803 1131 3884 manuali
1156 3803 1349 3904 circino,
1385 3823 1489 3904 pone
1528 3791 1708 3895 ejusdem

361 3930 488 3985 unum
505 3905 648 4010 pedem
669 3903 709 3983 in
725 3905 827 3983 linea
843 3905 1066 4020 polygonali
1085 3904 1222 3984 circini
1243 3899 1546 4005 proportionalis
1572 3917 1711 4007 nume-

362 4033 409 4087 ro
428 4003 596 4105 ottavo,
623 4002 668 4085 a'c
687 4022 836 4086 tantum
855 4029 963 4104 apert
980 4009 1045 4084 vel
1072 4005 1293 4108 constringe
1319 4001 1466 4082 dilium
1486 4013 1712 4101 proport1o-

369 4111 495 4188 nalem
513 4109 738 4208 circinum,
769 4105 898 4186 donec
924 4109 1047 4186 altero
1072 4103 1176 4209 pede
1202 4103 1387 4185 manualis
1415 4099 1554 4180 circini
1577 4117 1716 4175 nume-

369 4233 460 4296 rum
486 4211 668 4296 octavum
687 4211 729 4300 in
750 4208 976 4319 polygonali
1004 4209 1108 4294 linea
1132 4207 1291 4293 alterius
1323 4201 1447 4289 cruris
1474 4198 1716 4377 εοηῑίἲέἐεξ
